2940 4904
618 240 834 306 -15-

153 409 279 492 eligunt
301 406 386 469 feras
410 406 443 467 et
465 403 610 467 detracta
629 401 791 466 uelamina
810 402 969 484 spargunt
989 400 1124 465 maculis
1147 400 1324 483 pellibus-s

154 537 215 599 que
243 513 426 593 beluarum,
460 530 540 594 quas
569 509 708 573 exterior
737 506 881 572 Oceanus
910 510 1005 589 atque
1033 506 1180 591 ignotum
1210 527 1298 571 mare

155 622 269 706 gignit.
307 640 366 684 nec
393 618 476 682 alius
504 616 632 681 feminis
660 638 756 699 quam
780 615 860 678 uiris
883 614 1028 697 habitus,
1055 614 1117 678 nisi
1145 614 1232 699 quod
1254 613 1298 677 fe-

156 730 262 793 minae
277 727 403 810 saepius
418 725 512 789 lineis
528 723 699 788 amictibus
709 723 859 787 uelantur
874 743 989 805 eosque
1003 743 1146 805 purpura
1160 721 1298 802 uariant,

155 837 342 919 partemque
356 833 493 897 uestitus
508 830 683 914 superioris
698 831 733 893 in
748 829 891 893 manicas
906 851 973 893 non
992 827 1176 906 extendunt,
1195 827 1298 891 nudae
1314 854 1339 891 12

156 941 301 1006 bracchia
335 962 371 1004 ac
405 939 556 1021 lacertos,
588 937 643 1002 sed
675 939 708 1001 ct
740 937 888 1019 proxima
919 958 995 1019 pars
1028 934 1167 1019 pectoris
1199 937 1257 1017 pat
1277 937 1299 998 t.

157 1049 206 1113 18.
245 1048 449 1130 Quamquam
478 1067 589 1110 seuera
617 1044 683 1108 illic
711 1043 931 1126 matrimonia,
959 1063 1017 1106 nec
1045 1042 1145 1105 ullam
1174 1062 1299 1106 morum

155 1159 281 1239 partem
310 1153 413 1237 magis
441 1152 631 1217 laudaueris.
648 1173 747 1249 ‘nam
774 1171 874 1234 prope
902 1149 964 1213 soli
990 1149 1203 1213 barbarorum
1236 1149 1299 1211 sin-

66 1269 69 1277 '
158 1262 241 1345 gulis
269 1259 423 1323 uxoribus
447 1258 590 1325 contenti
614 1260 701 1342 sunt,
730 1256 871 1340 exceptis
901 1256 1073 1321 admodum
1096 1255 1221 1339 paucis,
1245 1254 1299 1338 qui
1379 1255 1383 1265 '

157 1389 223 1430 non
246 1366 378 1430 libidine
402 1365 457 1429 sed
481 1364 523 1429 ob
545 1364 751 1429 nobilitatem
775 1360 923 1447 plurimis
945 1363 1066 1446 nuptiis
1091 1363 1246 1428 ambiunt
1309 1387 1323 1425 4

243 1472 362 1537 Dotem
381 1494 448 1538 non
466 1493 547 1536 uxor
565 1470 696 1556 marito,
716 1471 770 1535 sed
791 1470 884 1536 uxori
903 1471 1038 1535 maritus
1062 1470 1166 1535 offert.
1202 1470 1300 1533 inter-

156 1584 231 1643 sunt
253 1582 403 1662 parentes
425 1581 460 1675 et
482 1578 656 1662 propinqui
680 1599 717 1641 ac
741 1599 874 1641 munera
897 1577 1051 1661 probant,
1079 1598 1212 1641 munera
1235 1598 1301 1641 non

157 1686 196 1749 ad
215 1685 347 1749 delicias
367 1684 535 1748 muliebris
555 1684 701 1766 quaesita
717 1705 776 1746 nec
796 1683 911 1767 quibus
930 1704 1016 1747 noua
1033 1687 1134 1766 nupta
1149 1686 1302 1766 comatur,

158 1792 212 1856 sed
231 1791 332 1855 boues
347 1793 380 1854 et
393 1790 555 1853 frenatum
571 1811 687 1873 equum
703 1792 735 1852 et
750 1791 877 1853 scutum
892 1811 963 1853 cum
978 1789 1102 1853 framea
1121 1789 1328 1875 gladioques

158 1897 192 1960 in
215 1897 293 1960 haec
317 1918 452 1961 munera
470 1918 552 1960 uxor
574 1896 744 1980 accipitur,
767 1899 863 1979 atque
887 1896 1026 1960 inuicem
1049 1896 1121 1979 ipsa
1140 1919 1302 1961 armorum

158 2003 278 2087 aliquid
306 2003 377 2067 uiro
410 2002 522 2067 adfert.
563 2002 628 2066 hoc
654 2003 829 2066 maximum
863 2003 1040 2080 uinculum,
1072 2003 1151 2067 baec
1184 2025 1303 2068 arcana

157 2132 260 2190 sacra,
288 2109 348 2175 hos
377 2109 565 2194 coniugales
594 2109 671 2174 deos
699 2109 906 2173 arbitrantur.
943 2131 984 2174 ne
1013 2131 1046 2174 se
1073 2111 1190 2174 mulier
1212 2114 1302 2174 extra

157 2218 316 2280 uirtutum
344 2215 558 2300 cogitationes
587 2218 739 2298 extraque
766 2215 926 2279 bellorum
959 2237 1052 2280 casus
1084 2219 1189 2301 putet,
1222 2216 1301 2300 ipsis
1318 2242 1342 2279 n

158 2323 340 2406 incipientis
360 2321 560 2385 matrimonii
578 2321 729 2404 auspiciis
748 2322 951 2407 admonetur,
974 2323 1083 2387 uenire
1102 2345 1135 2387 se
1153 2322 1302 2388 laborum

158 2428 436 2512 periculorumque
456 2428 591 2511 sociam,
613 2427 699 2492 idem
717 2428 751 2492 in
770 2450 862 2523 pace,
884 2428 970 2494 idem
993 2430 1028 2494 in
1046 2429 1169 2513 proelio
1191 2452 1303 2513 passu·

158 2557 227 2599 ram
256 2556 482 2619 ausuramque:
511 2535 573 2599 hoc
596 2535 698 2600 iuncti
720 2535 834 2620 boues,
862 2536 924 2601 boo
948 2539 1080 2620 paratus
1104 2558 1218 2620 equus,
1241 2536 1302 2602 hcc

158 2643 234 2706 data
253 2664 344 2706 arma
362 2641 561 2731 denuntiant.
598 2641 644 2706 sic
662 2643 849 2727 uiuendum,
870 2642 916 2707 sic
934 2644 1135 2726 pariendum:
1159 2644 1302 2727 accipere
1319 2669 1343 2707 rc

160 2769 194 2811 se
223 2769 303 2830 quae
330 2747 443 2813 liberis
471 2749 629 2815 inuiolata
656 2771 693 2815 ac
716 2751 815 2835 digna
838 2750 965 2836 reddat,
993 2772 1074 2835 quae
1097 2774 1197 2816 nurus
1223 2752 1303 2817 acci-

158 2855 252 2937 piant
278 2876 404 2939 rursus,
433 2876 514 2940 quae
539 2855 579 2919 ad
602 2858 736 2939 nepotes
759 2856 950 2921 referantur.
997 2858 1046 2924 19.
1078 2857 1166 2943 Ergo
1191 2862 1304 2941 saepta

159 2959 314 3042 pudicitia
337 2964 453 3046 agunt,
476 2963 574 3027 nullis
599 2964 856 3047 spectaculorum
879 2964 1051 3050 illecebris,
1074 2965 1171 3029 nullis
1194 2965 1303 3029 conui-

159 3065 286 3130 uiorum
308 3067 544 3133 irritationibus
567 3072 746 3154 corruptae.

249 3170 446 3237 Litterarum
470 3177 595 3238 secreta
616 3175 679 3240 uiri
701 3176 824 3260 pariter
847 3198 884 3242 ac
907 3177 1046 3242 feminae
1070 3180 1232 3265 ignorant.
1312 3204 1326 3242 4

249 3277 448 3343 Paucissima
474 3279 509 3344 in
536 3283 605 3345 tam
636 3303 808 3348 numerosa
840 3288 934 3368 gente
965 3286 1135 3370 adulteria,
1168 3310 1304 3371 quorum

159 3390 263 3469 p'oena
276 3391 478 3470 praesenset
491 3388 617 3453 maritis
631 3390 801 3473 permissa:
823 3393 960 3457 abscisis
975 3393 1126 3474 crinibus,
1140 3393 1304 3477 nudatam,

159 3513 267 3556 coram
286 3493 477 3578 propinquis
496 3495 629 3579 expellit
647 3495 741 3561 domo
762 3499 897 3563 maritus
917 3522 954 3564 ac
972 3520 1030 3582 per
1049 3521 1176 3564 omnem
1197 3501 1304 3565 uicum

158 3598 293 3663 uerbere
327 3599 409 3685 agit3
441 3600 624 3684 publicatae
657 3603 742 3668 enim
775 3604 950 3688 pudicitiae
977 3607 1066 3670 nulla
1098 3607 1206 3672 uenia:
1238 3629 1331 3671 nona

160 3730 372 3742 ·-.-.-.....—.

233 3799 273 3848 10.
298 3794 369 3846 alius
392 3797 468 3846 m
516 3793 577 3864 alys
602 3798 637 3847 Sa
667 3795 676 3863 {l
711 3802 751 3851 13.
774 3796 905 3850 bracchia
930 3799 1188 3867 Mcplicbccbiouuc
1215 3806 1240 3854 ct
1264 3800 1303 3854 ed.

160 3860 332 3931 Lapa1502
368 3864 483 3919 brachia
501 3870 558 3920 cett.
662 3879 666 3888 ¹

230 3935 277 3987 18.
315 3939 340 3988 4.
366 3935 495 3990 ambiunt
516 3938 542 3987 11
588 3937 749 3991 ambiuntur
776 3955 817 4007 γα
853 3938 863 4006 ll
901 3946 924 3994 7.
953 3939 1096 3996 muliebris
1124 3942 1305 4008 Hcrlcc'auua

162 4003 320 4059 Herculani
342 4005 551 4061 Laurentianus
581 4011 605 4060 ct
635 4009 894 4077 Mapliabecticuus
944 4009 1094 4067 muliebres
1122 4020 1179 4070 cett.
1217 4018 1226 4084 ΙΙ
1264 4021 1304 4071 10.

162 4090 264 4156 arcana
285 4070 314 4127 A'
359 4078 479 4132 archana
506 4081 570 4147 Hya
601 4078 611 4146 ΙΙ
644 4084 684 4135 13.
714 4079 874 4149 incipientis
899 4086 951 4134 ΗΜ
998 4083 1196 4153 incipientibus
1221 4092 1259 4139 sa
1295 4085 1304 4156 ll

163 4150 204 4198 16.
230 4146 393 4218 arcendum]
422 4148 506 4202 uinea
534 4153 549 4199 Β
595 4149 604 4216 ΙΙ
648 4150 814 4218 pariendum
837 4149 928 4204 ΗΜ
975 4153 1080 4224 picris
1125 4157 1134 4225 ΙΙ
1181 4162 1221 4212 18.
1250 4174 1304 4226 que

161 4220 356 4286 §Indaeis
387 4219 396 4287 ll
428 4219 585 4273 referantur
603 4222 660 4271 ΗΝ
697 4220 867 4276 inferatur!
904 4222 1031 4280 deferant
1049 4244 1067 4279 a

201 4312 204 4319 ⁴
232 4290 278 4340 19.
318 4299 340 4343 1.
364 4290 444 4358 septa
462 4293 529 4358 Hya
566 4293 644 4359 septe
663 4293 874 4349 Aruudelc'aaus
904 4299 914 4366 ΙΙ
946 4305 970 4354 6.
990 4295 1137 4351 abscisisss
1174 4299 1304 4356 abscissis

161 4363 188 4411 Η
224 4358 326 4413 adcisis
345 4364 368 4411 Δ
406 4359 504 4413 accisis
523 4377 541 4412 a
571 4360 581 4428 ΙΙ
614 4366 637 4416 7.
657 4363 702 4433 ac]
722 4366 794 4417 et11
