<?xml version="1.0" encoding="UTF-8"?>
<!DOCTYPE html PUBLIC "-//W3C//DTD XHTML 1.0 Transitional//EN"
    "http://www.w3.org/TR/xhtml1/DTD/xhtml1-transitional.dtd">
<html xmlns="http://www.w3.org/1999/xhtml" xml:lang="en" lang="en">
 <head>
  <title>
</title>
<meta http-equiv="Content-Type" content="text/html;charset=utf-8" />
  <meta name='ocr-system' content='tesseract 3.04.00' />
  <meta name='ocr-capabilities' content='ocr_page ocr_carea ocr_par ocr_line ocrx_word'/>
</head>
<body>
  <div class='ocr_page' id='page_1' title='image "./deorigineetsitu00woltgoog_0011.png"; bbox 0 0 2940 4904; ppageno 0'>
   <div class='ocr_carea' id='block_1_1' title="bbox 192 998 1389 2466">
    <p class='ocr_par' dir='ltr' id='par_1_1' title="bbox 192 998 1389 1512">
     <span class='ocr_line' id='line_1_1' title="bbox 287 998 1350 1084; baseline 0.005 -22"><span class='ocrx_word' id='word_1_1' title='bbox 287 1002 311 1063; x_wconf 93' lang='lat' dir='ltr'><strong>l.</strong></span> <span class='ocrx_word' id='word_1_2' title='bbox 336 998 509 1063; x_wconf 86' lang='lat' dir='ltr'>Germania</span> <span class='ocrx_word' id='word_1_3' title='bbox 523 1000 628 1063; x_wconf 91' lang='lat' dir='ltr'><strong>omnis</strong></span> <span class='ocrx_word' id='word_1_4' title='bbox 644 1023 664 1063; x_wconf 90' lang='lat' dir='ltr'><strong>a</strong></span> <span class='ocrx_word' id='word_1_5' title='bbox 678 999 781 1064; x_wconf 87' lang='lat' dir='ltr'><strong>Gallis</strong></span> <span class='ocrx_word' id='word_1_6' title='bbox 796 999 971 1084; x_wconf 86' lang='lat' dir='ltr'><strong>Raetisque</strong></span> <span class='ocrx_word' id='word_1_7' title='bbox 987 1005 1020 1064; x_wconf 89' lang='lat' dir='ltr'><strong>et</strong></span> <span class='ocrx_word' id='word_1_8' title='bbox 1034 1000 1211 1064; x_wconf 85' lang='lat' dir='ltr'><strong>Pannoniis</strong></span> <span class='ocrx_word' id='word_1_9' title='bbox 1226 1001 1350 1067; x_wconf 84' lang='lat' dir='ltr'><strong>Rheno</strong></span> 
     </span>
     <span class='ocr_line' id='line_1_2' title="bbox 194 1105 1389 1191; baseline 0.002 -21"><span class='ocrx_word' id='word_1_10' title='bbox 194 1130 231 1170; x_wconf 93' lang='lat' dir='ltr'><strong>ac</strong></span> <span class='ocrx_word' id='word_1_11' title='bbox 247 1106 401 1173; x_wconf 78' lang='lat' dir='ltr'><strong>,Danuuio</strong></span> <span class='ocrx_word' id='word_1_12' title='bbox 424 1106 623 1190; x_wconf 88' lang='lat' dir='ltr'><strong>fluminibus,</strong></span> <span class='ocrx_word' id='word_1_13' title='bbox 646 1130 666 1170; x_wconf 88' lang='lat' dir='ltr'><strong>a</strong></span> <span class='ocrx_word' id='word_1_14' title='bbox 685 1105 841 1170; x_wconf 84' lang='lat' dir='ltr'><strong>Sarmatis</strong></span> <span class='ocrx_word' id='word_1_15' title='bbox 856 1106 1018 1191; x_wconf 89' lang='lat' dir='ltr'><strong>Dacisque</strong></span> <span class='ocrx_word' id='word_1_16' title='bbox 1037 1110 1149 1171; x_wconf 92' lang='lat' dir='ltr'><strong>mutuo</strong></span> <span class='ocrx_word' id='word_1_17' title='bbox 1173 1111 1261 1171; x_wconf 88' lang='lat' dir='ltr'><strong>metu</strong></span> <span class='ocrx_word' id='word_1_18' title='bbox 1287 1114 1350 1172; x_wconf 85' lang='lat' dir='ltr'><strong>a&#39;ut</strong></span> <span class='ocrx_word' id='word_1_19' title='bbox 1375 1112 1389 1131; x_wconf 73' lang='lat'><strong><em>⁹</em></strong></span> 
     </span>
     <span class='ocr_line' id='line_1_3' title="bbox 192 1213 1349 1295; baseline 0.001 -18"><span class='ocrx_word' id='word_1_20' title='bbox 192 1213 358 1277; x_wconf 90' lang='lat' dir='ltr'><strong>montibus</strong></span> <span class='ocrx_word' id='word_1_21' title='bbox 380 1216 564 1295; x_wconf 89' lang='lat' dir='ltr'><strong>separatur:</strong></span> <span class='ocrx_word' id='word_1_22' title='bbox 588 1217 693 1276; x_wconf 91' lang='lat' dir='ltr'><strong>cetera</strong></span> <span class='ocrx_word' id='word_1_23' title='bbox 712 1213 859 1278; x_wconf 80' lang='lat' dir='ltr'><strong>Oceanus</strong></span> <span class='ocrx_word' id='word_1_24' title='bbox 883 1215 995 1294; x_wconf 89' lang='lat' dir='ltr'><strong>ambit,</strong></span> <span class='ocrx_word' id='word_1_25' title='bbox 1017 1215 1102 1277; x_wconf 88' lang='lat' dir='ltr'><strong>latos</strong></span> <span class='ocrx_word' id='word_1_26' title='bbox 1127 1214 1215 1277; x_wconf 88' lang='lat' dir='ltr'><strong>sinus</strong></span> <span class='ocrx_word' id='word_1_27' title='bbox 1239 1218 1273 1277; x_wconf 92' lang='lat' dir='ltr'><strong>et</strong></span> <span class='ocrx_word' id='word_1_28' title='bbox 1297 1215 1349 1278; x_wconf 94' lang='lat' dir='ltr'><strong>in-</strong></span> 
     </span>
     <span class='ocr_line' id='line_1_4' title="bbox 192 1319 1378 1404; baseline 0.001 -22"><span class='ocrx_word' id='word_1_29' title='bbox 192 1321 336 1384; x_wconf 88' lang='lat' dir='ltr'><strong>sularum</strong></span> <span class='ocrx_word' id='word_1_30' title='bbox 360 1320 509 1383; x_wconf 86' lang='lat' dir='ltr'><strong>inmensa</strong></span> <span class='ocrx_word' id='word_1_31' title='bbox 538 1320 644 1402; x_wconf 91' lang='lat' dir='ltr'><strong>spatia</strong></span> <span class='ocrx_word' id='word_1_32' title='bbox 668 1321 894 1403; x_wconf 68' lang='lat' dir='ltr'><strong>complentem,</strong></span> <span class='ocrx_word' id='word_1_33' title='bbox 917 1342 1019 1402; x_wconf 87' lang='lat' dir='ltr'><strong>nuper</strong></span> <span class='ocrx_word' id='word_1_34' title='bbox 1043 1319 1184 1404; x_wconf 80' lang='lat' dir='ltr'><strong>cognitis</strong></span> <span class='ocrx_word' id='word_1_35' title='bbox 1207 1320 1378 1403; x_wconf 79' lang='lat' dir='ltr'><strong>quibus-4</strong></span> 
     </span>
     <span class='ocr_line' id='line_1_5' title="bbox 193 1426 1082 1512; baseline 0 -22"><span class='ocrx_word' id='word_1_36' title='bbox 193 1427 267 1490; x_wconf 91' lang='lat' dir='ltr'><strong>dam</strong></span> <span class='ocrx_word' id='word_1_37' title='bbox 292 1427 444 1512; x_wconf 83' lang='lat' dir='ltr'><strong>gentibus</strong></span> <span class='ocrx_word' id='word_1_38' title='bbox 469 1448 505 1489; x_wconf 89' lang='lat' dir='ltr'><strong>ac</strong></span> <span class='ocrx_word' id='word_1_39' title='bbox 529 1426 778 1511; x_wconf 74' lang='lat' dir='ltr'><strong>regibus,quos</strong></span> <span class='ocrx_word' id='word_1_40' title='bbox 803 1428 923 1491; x_wconf 91' lang='lat' dir='ltr'><strong>bellum</strong></span> <span class='ocrx_word' id='word_1_41' title='bbox 948 1427 1082 1510; x_wconf 87' lang='lat' dir='ltr'><strong>aperuit.</strong></span> 
     </span>
    </p>

    <p class='ocr_par' dir='ltr' id='par_1_2' title="bbox 192 1531 1377 2040">
     <span class='ocr_line' id='line_1_6' title="bbox 281 1531 1346 1616; baseline -0.001 -19"><span class='ocrx_word' id='word_1_42' title='bbox 281 1533 424 1616; x_wconf 89' lang='lat' dir='ltr'><strong>Rhenus,</strong></span> <span class='ocrx_word' id='word_1_43' title='bbox 446 1531 653 1597; x_wconf 82' lang='lat' dir='ltr'><strong>Raeticarum</strong></span> <span class='ocrx_word' id='word_1_44' title='bbox 672 1534 804 1616; x_wconf 85' lang='lat' dir='ltr'><strong>Alpium</strong></span> <span class='ocrx_word' id='word_1_45' title='bbox 828 1533 993 1596; x_wconf 89' lang='lat' dir='ltr'><strong>inaccesso</strong></span> <span class='ocrx_word' id='word_1_46' title='bbox 1018 1554 1054 1596; x_wconf 88' lang='lat' dir='ltr'><strong>ac</strong></span> <span class='ocrx_word' id='word_1_47' title='bbox 1078 1531 1249 1614; x_wconf 88' lang='lat' dir='ltr'><strong>praecipiti</strong></span> <span class='ocrx_word' id='word_1_48' title='bbox 1272 1555 1346 1596; x_wconf 90' lang='lat' dir='ltr'><strong>uer-</strong></span> 
     </span>
     <span class='ocr_line' id='line_1_7' title="bbox 192 1639 1346 1720; baseline 0.002 -18"><span class='ocrx_word' id='word_1_49' title='bbox 192 1640 255 1703; x_wconf 89' lang='lat' dir='ltr'><strong>tice</strong></span> <span class='ocrx_word' id='word_1_50' title='bbox 279 1645 383 1718; x_wconf 79' lang='lat' dir='ltr'><strong>ortus,</strong></span> <span class='ocrx_word' id='word_1_51' title='bbox 412 1639 538 1703; x_wconf 89' lang='lat' dir='ltr'><strong>modico</strong></span> <span class='ocrx_word' id='word_1_52' title='bbox 566 1639 650 1703; x_wconf 82' lang='lat' dir='ltr'><strong>flexu</strong></span> <span class='ocrx_word' id='word_1_53' title='bbox 673 1640 708 1702; x_wconf 94' lang='lat' dir='ltr'><strong>in</strong></span> <span class='ocrx_word' id='word_1_54' title='bbox 737 1640 935 1704; x_wconf 90' lang='lat' dir='ltr'><strong>occidentem</strong></span> <span class='ocrx_word' id='word_1_55' title='bbox 958 1663 1070 1704; x_wconf 91' lang='lat' dir='ltr'><strong>uersus</strong></span> <span class='ocrx_word' id='word_1_56' title='bbox 1094 1639 1346 1720; x_wconf 85' lang='lat' dir='ltr'><strong>septentrionali</strong></span> 
     </span>
     <span class='ocr_line' id='line_1_8' title="bbox 195 1743 1377 1811; baseline -0.003 -1"><span class='ocrx_word' id='word_1_57' title='bbox 195 1744 323 1811; x_wconf 88' lang='lat' dir='ltr'><strong>Oceano</strong></span> <span class='ocrx_word' id='word_1_58' title='bbox 347 1746 507 1809; x_wconf 90' lang='lat' dir='ltr'><strong>miscetur.</strong></span> <span class='ocrx_word' id='word_1_59' title='bbox 550 1743 718 1807; x_wconf 90' lang='lat' dir='ltr'><strong>Danuuius</strong></span> <span class='ocrx_word' id='word_1_60' title='bbox 742 1745 833 1808; x_wconf 91' lang='lat' dir='ltr'><strong>molli</strong></span> <span class='ocrx_word' id='word_1_61' title='bbox 857 1749 889 1808; x_wconf 89' lang='lat' dir='ltr'><strong>et</strong></span> <span class='ocrx_word' id='word_1_62' title='bbox 912 1745 1086 1808; x_wconf 90' lang='lat' dir='ltr'><strong>elementer</strong></span> <span class='ocrx_word' id='word_1_63' title='bbox 1110 1744 1195 1808; x_wconf 91' lang='lat' dir='ltr'><strong>edito</strong></span> <span class='ocrx_word' id='word_1_64' title='bbox 1220 1748 1377 1810; x_wconf 77' lang='lat' dir='ltr'><strong>montisc</strong></span> 
     </span>
     <span class='ocr_line' id='line_1_9' title="bbox 195 1850 1346 1936; baseline 0.002 -20"><span class='ocrx_word' id='word_1_65' title='bbox 195 1851 352 1916; x_wconf 84' lang='lat' dir='ltr'><strong>Abnobae</strong></span> <span class='ocrx_word' id='word_1_66' title='bbox 371 1852 447 1936; x_wconf 83' lang='lat' dir='ltr'><strong>iugo</strong></span> <span class='ocrx_word' id='word_1_67' title='bbox 470 1851 588 1914; x_wconf 89' lang='lat' dir='ltr'><strong>effusus</strong></span> <span class='ocrx_word' id='word_1_68' title='bbox 606 1850 708 1933; x_wconf 88' lang='lat' dir='ltr'><strong>pluris</strong></span> <span class='ocrx_word' id='word_1_69' title='bbox 731 1851 871 1935; x_wconf 91' lang='lat' dir='ltr'><strong>populos</strong></span> <span class='ocrx_word' id='word_1_70' title='bbox 896 1852 973 1934; x_wconf 91' lang='lat' dir='ltr'><strong>adit,</strong></span> <span class='ocrx_word' id='word_1_71' title='bbox 996 1851 1096 1916; x_wconf 91' lang='lat' dir='ltr'><strong>donec</strong></span> <span class='ocrx_word' id='word_1_72' title='bbox 1120 1853 1155 1915; x_wconf 90' lang='lat' dir='ltr'><strong>in</strong></span> <span class='ocrx_word' id='word_1_73' title='bbox 1173 1850 1346 1918; x_wconf 91' lang='lat' dir='ltr'><strong>Ponticum</strong></span> 
     </span>
     <span class='ocr_line' id='line_1_10' title="bbox 195 1957 1342 2040; baseline 0.001 -17"><span class='ocrx_word' id='word_1_74' title='bbox 195 1981 284 2023; x_wconf 90' lang='lat' dir='ltr'><strong>mare</strong></span> <span class='ocrx_word' id='word_1_75' title='bbox 308 1980 362 2021; x_wconf 87' lang='lat' dir='ltr'><strong>sex</strong></span> <span class='ocrx_word' id='word_1_76' title='bbox 386 1957 546 2021; x_wconf 89' lang='lat' dir='ltr'><strong>meatibus</strong></span> <span class='ocrx_word' id='word_1_77' title='bbox 567 1960 729 2039; x_wconf 90' lang='lat' dir='ltr'><strong>erumpat:</strong></span> <span class='ocrx_word' id='word_1_78' title='bbox 749 1957 921 2040; x_wconf 90' lang='lat' dir='ltr'><strong>septimum</strong></span> <span class='ocrx_word' id='word_1_79' title='bbox 942 1978 978 2019; x_wconf 92' lang='lat' dir='ltr'><strong>os</strong></span> <span class='ocrx_word' id='word_1_80' title='bbox 997 1958 1171 2039; x_wconf 89' lang='lat' dir='ltr'><strong>paludibus</strong></span> <span class='ocrx_word' id='word_1_81' title='bbox 1190 1959 1342 2024; x_wconf 79' lang='lat' dir='ltr'><strong>hauritur</strong></span> 
     </span>
    </p>

    <p class='ocr_par' dir='ltr' id='par_1_3' title="bbox 196 2063 1379 2466">
     <span class='ocr_line' id='line_1_11' title="bbox 284 2063 1348 2150; baseline 0.001 -20"><span class='ocrx_word' id='word_1_82' title='bbox 284 2065 314 2130; x_wconf 83' lang='lat'><strong>2.</strong></span> <span class='ocrx_word' id='word_1_83' title='bbox 341 2064 435 2147; x_wconf 88' lang='lat' dir='ltr'><strong>Ipsos</strong></span> <span class='ocrx_word' id='word_1_84' title='bbox 451 2063 628 2128; x_wconf 85' lang='lat' dir='ltr'><strong>Germanos</strong></span> <span class='ocrx_word' id='word_1_85' title='bbox 648 2065 816 2149; x_wconf 86' lang='lat' dir='ltr'><strong>indigenas</strong></span> <span class='ocrx_word' id='word_1_86' title='bbox 835 2063 1024 2128; x_wconf 88' lang='lat' dir='ltr'><strong>crediderim</strong></span> <span class='ocrx_word' id='word_1_87' title='bbox 1049 2066 1242 2150; x_wconf 89' lang='lat' dir='ltr'><strong>minimeque</strong></span> <span class='ocrx_word' id='word_1_88' title='bbox 1266 2067 1348 2132; x_wconf 90' lang='lat' dir='ltr'><strong>alia-</strong></span> 
     </span>
     <span class='ocr_line' id='line_1_12' title="bbox 196 2170 1349 2255; baseline 0.002 -19"><span class='ocrx_word' id='word_1_89' title='bbox 196 2195 267 2236; x_wconf 88' lang='lat' dir='ltr'><strong>rum</strong></span> <span class='ocrx_word' id='word_1_90' title='bbox 296 2172 441 2255; x_wconf 86' lang='lat' dir='ltr'><strong>gentium</strong></span> <span class='ocrx_word' id='word_1_91' title='bbox 470 2171 662 2235; x_wconf 90' lang='lat' dir='ltr'><strong>aduentibus</strong></span> <span class='ocrx_word' id='word_1_92' title='bbox 687 2175 719 2234; x_wconf 91' lang='lat' dir='ltr'><strong>et</strong></span> <span class='ocrx_word' id='word_1_93' title='bbox 742 2171 893 2254; x_wconf 91' lang='lat' dir='ltr'><strong>hospitiis</strong></span> <span class='ocrx_word' id='word_1_94' title='bbox 917 2170 1051 2255; x_wconf 84' lang='lat' dir='ltr'><strong>mixtos,</strong></span> <span class='ocrx_word' id='word_1_95' title='bbox 1079 2173 1153 2255; x_wconf 91' lang='lat' dir='ltr'><strong>quia</strong></span> <span class='ocrx_word' id='word_1_96' title='bbox 1176 2195 1234 2236; x_wconf 92' lang='lat' dir='ltr'><strong>nec</strong></span> <span class='ocrx_word' id='word_1_97' title='bbox 1257 2177 1349 2239; x_wconf 90' lang='lat' dir='ltr'><strong>terra</strong></span> 
     </span>
     <span class='ocr_line' id='line_1_13' title="bbox 196 2276 1350 2367; baseline 0.003 -25"><span class='ocrx_word' id='word_1_98' title='bbox 196 2279 275 2342; x_wconf 89' lang='lat' dir='ltr'><strong>olim</strong></span> <span class='ocrx_word' id='word_1_99' title='bbox 295 2276 350 2340; x_wconf 90' lang='lat' dir='ltr'><strong>sed</strong></span> <span class='ocrx_word' id='word_1_100' title='bbox 370 2277 527 2341; x_wconf 87' lang='lat' dir='ltr'><strong>classibus</strong></span> <span class='ocrx_word' id='word_1_101' title='bbox 548 2276 791 2341; x_wconf 90' lang='lat' dir='ltr'><strong>aduehebantur</strong></span> <span class='ocrx_word' id='word_1_102' title='bbox 810 2278 864 2360; x_wconf 93' lang='lat' dir='ltr'><strong>qui</strong></span> <span class='ocrx_word' id='word_1_103' title='bbox 883 2281 1008 2341; x_wconf 88' lang='lat' dir='ltr'><strong>mutare</strong></span> <span class='ocrx_word' id='word_1_104' title='bbox 1027 2279 1118 2342; x_wconf 87' lang='lat' dir='ltr'><strong>sedes</strong></span> <span class='ocrx_word' id='word_1_105' title='bbox 1138 2281 1350 2367; x_wconf 84' lang='lat' dir='ltr'><strong>quaerebant,</strong></span> 
     </span>
     <span class='ocr_line' id='line_1_14' title="bbox 197 2381 1379 2466; baseline 0.003 -19"><span class='ocrx_word' id='word_1_106' title='bbox 197 2388 230 2447; x_wconf 91' lang='lat' dir='ltr'><strong>et</strong></span> <span class='ocrx_word' id='word_1_107' title='bbox 251 2383 416 2446; x_wconf 85' lang='lat' dir='ltr'><strong>inmensus</strong></span> <span class='ocrx_word' id='word_1_108' title='bbox 440 2383 526 2446; x_wconf 89' lang='lat' dir='ltr'><strong>ultra</strong></span> <span class='ocrx_word' id='word_1_109' title='bbox 549 2386 646 2466; x_wconf 92' lang='lat' dir='ltr'><strong>utque</strong></span> <span class='ocrx_word' id='word_1_110' title='bbox 675 2384 720 2447; x_wconf 92' lang='lat' dir='ltr'><strong>sic</strong></span> <span class='ocrx_word' id='word_1_111' title='bbox 749 2382 884 2446; x_wconf 84' lang='lat' dir='ltr'><strong>dixerim</strong></span> <span class='ocrx_word' id='word_1_112' title='bbox 913 2381 1067 2447; x_wconf 89' lang='lat' dir='ltr'><strong>aduersus</strong></span> <span class='ocrx_word' id='word_1_113' title='bbox 1091 2384 1237 2449; x_wconf 90' lang='lat' dir='ltr'><strong>Oceanus</strong></span> <span class='ocrx_word' id='word_1_114' title='bbox 1262 2388 1379 2457; x_wconf 83' lang='lat' dir='ltr'><strong>raris4</strong></span> 
     </span>
    </p>
   </div>
   <div class='ocr_carea' id='block_1_2' title="bbox 187 2475 1402 3217">
    <p class='ocr_par' dir='ltr' id='par_1_4' title="bbox 187 2475 1402 3217">
     <span class='ocr_line' id='line_1_15' title="bbox 198 2475 1348 2574; baseline 0.002 -19"><span class='ocrx_word' id='word_1_115' title='bbox 198 2475 238 2555; x_wconf 78' lang='lat' dir='ltr'><strong>ab</strong></span> <span class='ocrx_word' id='word_1_116' title='bbox 258 2490 335 2554; x_wconf 91' lang='lat' dir='ltr'><strong>orbe</strong></span> <span class='ocrx_word' id='word_1_117' title='bbox 354 2492 467 2554; x_wconf 89' lang='lat' dir='ltr'><strong>nostro</strong></span> <span class='ocrx_word' id='word_1_118' title='bbox 486 2489 625 2566; x_wconf 86' lang='lat' dir='ltr'><strong>¹nauibus</strong></span> <span class='ocrx_word' id='word_1_119' title='bbox 644 2488 760 2552; x_wconf 87' lang='lat' dir='ltr'><strong>aditur.</strong></span> <span class='ocrx_word' id='word_1_120' title='bbox 793 2489 865 2572; x_wconf 90' lang='lat' dir='ltr'><strong>quis</strong></span> <span class='ocrx_word' id='word_1_121' title='bbox 888 2511 995 2572; x_wconf 91' lang='lat' dir='ltr'><strong>porr0,</strong></span> <span class='ocrx_word' id='word_1_122' title='bbox 1018 2495 1146 2572; x_wconf 89' lang='lat' dir='ltr'><strong>praeter</strong></span> <span class='ocrx_word' id='word_1_123' title='bbox 1165 2491 1348 2574; x_wconf 90' lang='lat' dir='ltr'><strong>periculum</strong></span> 
     </span>
     <span class='ocr_line' id='line_1_16' title="bbox 196 2580 1348 2679; baseline 0.003 -19"><span class='ocrx_word' id='word_1_124' title='bbox 196 2596 321 2660; x_wconf 88' lang='lat' dir='ltr'><strong>horridi</strong></span> <span class='ocrx_word' id='word_1_125' title='bbox 345 2598 377 2659; x_wconf 93' lang='lat' dir='ltr'><strong>et</strong></span> <span class='ocrx_word' id='word_1_126' title='bbox 400 2595 505 2679; x_wconf 78' lang='lat' dir='ltr'><strong>ignoti</strong></span> <span class='ocrx_word' id='word_1_127' title='bbox 524 2597 632 2678; x_wconf 89' lang='lat' dir='ltr'><strong>maris,</strong></span> <span class='ocrx_word' id='word_1_128' title='bbox 657 2595 736 2658; x_wconf 88' lang='lat' dir='ltr'><strong>Asia</strong></span> <span class='ocrx_word' id='word_1_129' title='bbox 756 2599 812 2658; x_wconf 90' lang='lat' dir='ltr'><strong>aut</strong></span> <span class='ocrx_word' id='word_1_130' title='bbox 827 2580 938 2659; x_wconf 87' lang='lat' dir='ltr'><strong>Africa</strong></span> <span class='ocrx_word' id='word_1_131' title='bbox 957 2601 1012 2659; x_wconf 90' lang='lat' dir='ltr'><strong>aut</strong></span> <span class='ocrx_word' id='word_1_132' title='bbox 1025 2597 1122 2661; x_wconf 89' lang='lat' dir='ltr'><strong>Italia</strong></span> <span class='ocrx_word' id='word_1_133' title='bbox 1141 2599 1254 2662; x_wconf 91' lang='lat' dir='ltr'><strong>relicta</strong></span> <span class='ocrx_word' id='word_1_134' title='bbox 1268 2597 1348 2663; x_wconf 85' lang='lat' dir='ltr'><strong>Ger-</strong></span> 
     </span>
     <span class='ocr_line' id='line_1_17' title="bbox 198 2703 1402 2788; baseline 0.002 -20"><span class='ocrx_word' id='word_1_135' title='bbox 198 2704 339 2768; x_wconf 89' lang='lat' dir='ltr'><strong>maniam</strong></span> <span class='ocrx_word' id='word_1_136' title='bbox 358 2705 491 2787; x_wconf 88' lang='lat' dir='ltr'><strong>peteret,</strong></span> <span class='ocrx_word' id='word_1_137' title='bbox 510 2703 681 2767; x_wconf 89' lang='lat' dir='ltr'><strong>informem</strong></span> <span class='ocrx_word' id='word_1_138' title='bbox 700 2703 804 2786; x_wconf 90' lang='lat' dir='ltr'><strong>terris,</strong></span> <span class='ocrx_word' id='word_1_139' title='bbox 824 2725 970 2786; x_wconf 88' lang='lat' dir='ltr'><strong>asperam</strong></span> <span class='ocrx_word' id='word_1_140' title='bbox 990 2706 1087 2788; x_wconf 87' lang='lat' dir='ltr'><strong>caelo,</strong></span> <span class='ocrx_word' id='word_1_141' title='bbox 1110 2705 1237 2769; x_wconf 87' lang='lat' dir='ltr'><strong>tristem</strong></span> <span class='ocrx_word' id='word_1_142' title='bbox 1256 2707 1347 2770; x_wconf 93' lang='lat' dir='ltr'><strong>cultu</strong></span> <span class='ocrx_word' id='word_1_143' title='bbox 1399 2751 1402 2760; x_wconf 62' lang='lat'><em>=</em></span> 
     </span>
     <span class='ocr_line' id='line_1_18' title="bbox 187 2810 1378 2894; baseline -0.003 -19"><span class='ocrx_word' id='word_1_144' title='bbox 187 2815 408 2894; x_wconf 89' lang='lat' dir='ltr'><strong>aspectuque,</strong></span> <span class='ocrx_word' id='word_1_145' title='bbox 431 2810 494 2873; x_wconf 87' lang='lat' dir='ltr'><strong>nisi</strong></span> <span class='ocrx_word' id='word_1_146' title='bbox 519 2810 581 2873; x_wconf 89' lang='lat' dir='ltr'><strong>sibi</strong></span> <span class='ocrx_word' id='word_1_147' title='bbox 604 2810 712 2893; x_wconf 90' lang='lat' dir='ltr'><strong>patria</strong></span> <span class='ocrx_word' id='word_1_148' title='bbox 736 2811 801 2874; x_wconf 81' lang='lat' dir='ltr'><strong>sit?</strong></span> <span class='ocrx_word' id='word_1_149' title='bbox 1363 2845 1378 2882; x_wconf 72' lang='lat'><strong>3</strong></span> 
     </span>
     <span class='ocr_line' id='line_1_19' title="bbox 289 2915 1347 3001; baseline 0.003 -20"><span class='ocrx_word' id='word_1_150' title='bbox 289 2916 463 2981; x_wconf 80' lang='lat' dir='ltr'><strong>Celebrant</strong></span> <span class='ocrx_word' id='word_1_151' title='bbox 490 2916 687 2979; x_wconf 86' lang='lat' dir='ltr'><strong>carminibus</strong></span> <span class='ocrx_word' id='word_1_152' title='bbox 716 2915 871 2999; x_wconf 80' lang='lat' dir='ltr'><strong>antiquis,</strong></span> <span class='ocrx_word' id='word_1_153' title='bbox 904 2917 990 2999; x_wconf 92' lang='lat' dir='ltr'><strong>quod</strong></span> <span class='ocrx_word' id='word_1_154' title='bbox 1021 2939 1122 2980; x_wconf 91' lang='lat' dir='ltr'><strong>unum</strong></span> <span class='ocrx_word' id='word_1_155' title='bbox 1155 2918 1239 3001; x_wconf 89' lang='lat' dir='ltr'><strong>apud</strong></span> <span class='ocrx_word' id='word_1_156' title='bbox 1272 2918 1347 2984; x_wconf 90' lang='lat' dir='ltr'><strong>illos</strong></span> 
     </span>
     <span class='ocr_line' id='line_1_20' title="bbox 199 3021 1346 3106; baseline 0.001 -20"><span class='ocrx_word' id='word_1_157' title='bbox 199 3023 373 3088; x_wconf 88' lang='lat' dir='ltr'><strong>memoriae</strong></span> <span class='ocrx_word' id='word_1_158' title='bbox 397 3026 430 3086; x_wconf 90' lang='lat' dir='ltr'><strong>et</strong></span> <span class='ocrx_word' id='word_1_159' title='bbox 453 3022 617 3086; x_wconf 89' lang='lat' dir='ltr'><strong>annalium</strong></span> <span class='ocrx_word' id='word_1_160' title='bbox 641 3042 745 3106; x_wconf 83' lang='lat' dir='ltr'><strong>genus</strong></span> <span class='ocrx_word' id='word_1_161' title='bbox 767 3025 830 3100; x_wconf 88' lang='lat' dir='ltr'><strong>est,</strong></span> <span class='ocrx_word' id='word_1_162' title='bbox 854 3021 1032 3086; x_wconf 83' lang='lat' dir='ltr'><strong>Teutonem</strong></span> <span class='ocrx_word' id='word_1_163' title='bbox 1056 3024 1151 3087; x_wconf 88' lang='lat' dir='ltr'><strong>deum</strong></span> <span class='ocrx_word' id='word_1_164' title='bbox 1175 3028 1263 3087; x_wconf 89' lang='lat' dir='ltr'><strong>terra</strong></span> <span class='ocrx_word' id='word_1_165' title='bbox 1281 3024 1346 3088; x_wconf 93' lang='lat' dir='ltr'><strong>edi-</strong></span> 
     </span>
     <span class='ocr_line' id='line_1_21' title="bbox 200 3127 1345 3217; baseline 0.001 -24"><span class='ocrx_word' id='word_1_166' title='bbox 200 3133 278 3193; x_wconf 89' lang='lat' dir='ltr'><strong>tum.</strong></span> <span class='ocrx_word' id='word_1_167' title='bbox 325 3129 354 3193; x_wconf 92' lang='lat' dir='ltr'><strong>ei</strong></span> <span class='ocrx_word' id='word_1_168' title='bbox 382 3130 485 3192; x_wconf 89' lang='lat' dir='ltr'><strong>filium</strong></span> <span class='ocrx_word' id='word_1_169' title='bbox 514 3127 685 3210; x_wconf 91' lang='lat' dir='ltr'><strong>Mannum,</strong></span> <span class='ocrx_word' id='word_1_170' title='bbox 717 3128 875 3213; x_wconf 82' lang='lat' dir='ltr'><strong>originem</strong></span> <span class='ocrx_word' id='word_1_171' title='bbox 905 3130 1012 3214; x_wconf 84' lang='lat' dir='ltr'><strong>gentis</strong></span> <span class='ocrx_word' id='word_1_172' title='bbox 1037 3131 1310 3215; x_wconf 89' lang='lat' dir='ltr'><strong>conditoremque,</strong></span> <span class='ocrx_word' id='word_1_173' title='bbox 1340 3128 1345 3217; x_wconf 73' lang='lat' dir='ltr'><strong>l</strong></span> 
     </span>
    </p>
   </div>
   <div class='ocr_carea' id='block_1_3' title="bbox 202 3274 415 3282">
    <p class='ocr_par' dir='ltr' id='par_1_5' title="bbox 202 3274 415 3282">
     <span class='ocr_line' id='line_1_22' title="bbox 202 3274 415 3282; baseline -0.009 -1"><span class='ocrx_word' id='word_1_174' title='bbox 202 3274 415 3282; x_wconf 68' lang='lat'><strong>-.-—</strong></span> 
     </span>
    </p>
   </div>
   <div class='ocr_carea' id='block_1_4' title="bbox 156 3339 1348 3553">
    <p class='ocr_par' dir='ltr' id='par_1_6' title="bbox 156 3339 1348 3553">
     <span class='ocr_line' id='line_1_23' title="bbox 272 3339 1348 3394; baseline 0 -2"><span class='ocrx_word' id='word_1_175' title='bbox 272 3340 445 3394; x_wconf 78' lang='lat' dir='ltr'><strong>CORNELII</strong></span> <span class='ocrx_word' id='word_1_176' title='bbox 477 3339 599 3392; x_wconf 78' lang='lat' dir='ltr'><strong>TAOl&#39;l&#39;I</strong></span> <span class='ocrx_word' id='word_1_177' title='bbox 631 3339 679 3391; x_wconf 87' lang='lat' dir='ltr'><strong>DE</strong></span> <span class='ocrx_word' id='word_1_178' title='bbox 709 3339 860 3393; x_wconf 79' lang='lat' dir='ltr'><strong>ORIGINE</strong></span> <span class='ocrx_word' id='word_1_179' title='bbox 888 3339 935 3392; x_wconf 84' lang='lat' dir='ltr'><strong>ET</strong></span> <span class='ocrx_word' id='word_1_180' title='bbox 969 3340 1052 3394; x_wconf 81' lang='lat' dir='ltr'>SITV</span> <span class='ocrx_word' id='word_1_181' title='bbox 1085 3340 1348 3394; x_wconf 80' lang='lat' dir='ltr'><strong>GERMANOltVM</strong></span> 
     </span>
     <span class='ocr_line' id='line_1_24' title="bbox 201 3407 1348 3480; baseline -0.001 -15"><span class='ocrx_word' id='word_1_182' title='bbox 201 3412 311 3465; x_wconf 79' lang='lat' dir='ltr'>LIBER</span> <span class='ocrx_word' id='word_1_183' title='bbox 331 3410 467 3466; x_wconf 73' lang='lat' dir='ltr'><strong>lNClPl&#39;t&#39;</strong></span> <span class='ocrx_word' id='word_1_184' title='bbox 485 3407 529 3464; x_wconf 83' lang='lat' dir='ltr'><strong>A&#39;&#39;</strong></span> <span class='ocrx_word' id='word_1_185' title='bbox 564 3410 683 3479; x_wconf 60' lang='lat' dir='ltr'><strong>Cornelii</strong></span> <span class='ocrx_word' id='word_1_186' title='bbox 703 3409 795 3463; x_wconf 84' lang='lat' dir='ltr'><strong>Taciti</strong></span> <span class='ocrx_word' id='word_1_187' title='bbox 816 3410 851 3463; x_wconf 92' lang='lat' dir='ltr'><strong>de</strong></span> <span class='ocrx_word' id='word_1_188' title='bbox 870 3410 978 3480; x_wconf 86' lang='lat' dir='ltr'><strong>origine</strong></span> <span class='ocrx_word' id='word_1_189' title='bbox 998 3413 1026 3464; x_wconf 90' lang='lat' dir='ltr'><strong>et</strong></span> <span class='ocrx_word' id='word_1_190' title='bbox 1046 3411 1107 3465; x_wconf 85' lang='lat' dir='ltr'><strong>Situ</strong></span> <span class='ocrx_word' id='word_1_191' title='bbox 1122 3411 1294 3465; x_wconf 60' lang='lat' dir='ltr'><strong>Germanou]</strong></span> <span class='ocrx_word' id='word_1_192' title='bbox 1312 3415 1348 3464; x_wconf 85' lang='grc' dir='ltr'><strong>Μ</strong></span> 
     </span>
     <span class='ocr_line' id='line_1_25' title="bbox 156 3481 1344 3553; baseline -0.002 -17"><span class='ocrx_word' id='word_1_193' title='bbox 156 3518 159 3527; x_wconf 79' lang='lat'><strong>,</strong></span> <span class='ocrx_word' id='word_1_194' title='bbox 202 3482 318 3552; x_wconf 61' lang='lat' dir='ltr'><strong>Corneli</strong></span> <span class='ocrx_word' id='word_1_195' title='bbox 330 3483 426 3536; x_wconf 77' lang='lat' dir='ltr'><strong>Tncrrr</strong></span> <span class='ocrx_word' id='word_1_196' title='bbox 438 3503 472 3536; x_wconf 86' lang='lat' dir='ltr'><strong>nn</strong></span> <span class='ocrx_word' id='word_1_197' title='bbox 483 3488 574 3535; x_wconf 76' lang='lat' dir='ltr'><strong>orricio</strong></span> <span class='ocrx_word' id='word_1_198' title='bbox 589 3502 651 3535; x_wconf 86' lang='lat' dir='ltr'><strong>urrv</strong></span> <span class='ocrx_word' id='word_1_199' title='bbox 666 3502 711 3534; x_wconf 84' lang='lat' dir='ltr'><strong>nr:</strong></span> <span class='ocrx_word' id='word_1_200' title='bbox 726 3508 760 3522; x_wconf 47' lang='grc' dir='ltr'><em>κ</em></span> <span class='ocrx_word' id='word_1_201' title='bbox 777 3481 781 3551; x_wconf 74' lang='lat' dir='ltr'><strong>l</strong></span> <span class='ocrx_word' id='word_1_202' title='bbox 797 3502 910 3536; x_wconf 83' lang='lat' dir='ltr'><strong>uonrnos</strong></span> <span class='ocrx_word' id='word_1_203' title='bbox 926 3501 1074 3550; x_wconf 63' lang='lat' dir='ltr'><strong>ounnmom</strong></span> <span class='ocrx_word' id='word_1_204' title='bbox 1088 3483 1185 3537; x_wconf 85' lang='lat' dir='ltr'><strong>felicit&#39;</strong></span> <span class='ocrx_word' id='word_1_205' title='bbox 1200 3482 1301 3551; x_wconf 82' lang='lat' dir='ltr'><strong>incipit</strong></span> <span class='ocrx_word' id='word_1_206' title='bbox 1311 3486 1344 3553; x_wconf 75' lang='lat' dir='ltr'><strong>S,</strong></span> 
     </span>
    </p>
   </div>
   <div class='ocr_carea' id='block_1_5' title="bbox 185 3569 1349 4267">
    <p class='ocr_par' dir='ltr' id='par_1_7' title="bbox 185 3569 1348 3924">
     <span class='ocr_line' id='line_1_26' title="bbox 272 3569 1346 3639; baseline 0.002 -16"><span class='ocrx_word' id='word_1_207' title='bbox 272 3574 296 3623; x_wconf 88' lang='lat'><strong>1.</strong></span> <span class='ocrx_word' id='word_1_208' title='bbox 335 3578 358 3625; x_wconf 92' lang='lat'><strong>1.</strong></span> <span class='ocrx_word' id='word_1_209' title='bbox 378 3570 506 3638; x_wconf 57' lang='lat' dir='ltr'><strong>Rethisqa</strong></span> <span class='ocrx_word' id='word_1_210' title='bbox 525 3571 564 3626; x_wconf 84' lang='lat' dir='ltr'><strong>ed.</strong></span> <span class='ocrx_word' id='word_1_211' title='bbox 590 3569 693 3623; x_wconf 77' lang='lat' dir='ltr'><strong>Vienna</strong></span> <span class='ocrx_word' id='word_1_212' title='bbox 713 3570 859 3624; x_wconf 79' lang='lat' dir='ltr'><strong>Pouaonic</strong></span> <span class='ocrx_word' id='word_1_213' title='bbox 877 3575 949 3624; x_wconf 84' lang='lat'><strong><em>1515</em></strong></span> <span class='ocrx_word' id='word_1_214' title='bbox 973 3571 1103 3639; x_wconf 62' lang='lat' dir='ltr'><strong>raecp&#39;isqq,</strong></span> <span class='ocrx_word' id='word_1_215' title='bbox 1121 3576 1146 3622; x_wconf 81' lang='grc' dir='ltr'><strong>Η</strong></span> <span class='ocrx_word' id='word_1_216' title='bbox 1214 3570 1346 3639; x_wconf 89' lang='lat' dir='ltr'><strong>retiisque</strong></span> 
     </span>
     <span class='ocr_line' id='line_1_27' title="bbox 201 3640 1346 3711; baseline 0.002 -18"><span class='ocrx_word' id='word_1_217' title='bbox 201 3647 251 3694; x_wconf 77' lang='grc' dir='ltr'><strong>ΜΔ</strong></span> <span class='ocrx_word' id='word_1_218' title='bbox 298 3641 439 3710; x_wconf 58' lang='grc' dir='ltr'><strong>11811ίί8ᾳῦ</strong></span> <span class='ocrx_word' id='word_1_219' title='bbox 462 3660 480 3695; x_wconf 85' lang='lat' dir='ltr'><strong>o</strong></span> <span class='ocrx_word' id='word_1_220' title='bbox 524 3641 643 3709; x_wconf 73' lang='lat' dir='ltr'><strong>recy&#39;ss</strong></span> <span class='ocrx_word' id='word_1_221' title='bbox 679 3641 689 3709; x_wconf 87' lang='grc' dir='ltr'><strong>ΙΙ</strong></span> <span class='ocrx_word' id='word_1_222' title='bbox 725 3647 749 3694; x_wconf 77' lang='lat'><strong>2.</strong></span> <span class='ocrx_word' id='word_1_223' title='bbox 773 3658 806 3695; x_wconf 87' lang='lat' dir='ltr'><strong>ac</strong></span> <span class='ocrx_word' id='word_1_224' title='bbox 833 3640 956 3695; x_wconf 85' lang='lat' dir='ltr'><strong>danuuio</strong></span> <span class='ocrx_word' id='word_1_225' title='bbox 978 3645 1004 3691; x_wconf 83' lang='lat'><strong>11</strong></span> <span class='ocrx_word' id='word_1_226' title='bbox 1050 3645 1079 3695; x_wconf 89' lang='lat' dir='ltr'><strong>et</strong></span> <span class='ocrx_word' id='word_1_227' title='bbox 1106 3641 1228 3696; x_wconf 89' lang='lat' dir='ltr'><strong>danubio</strong></span> <span class='ocrx_word' id='word_1_228' title='bbox 1258 3660 1300 3710; x_wconf 76' lang='grc' dir='ltr'><strong>γα</strong></span> <span class='ocrx_word' id='word_1_229' title='bbox 1340 3645 1346 3711; x_wconf 74' lang='lat' dir='ltr'><strong>l</strong></span> 
     </span>
     <span class='ocr_line' id='line_1_28' title="bbox 185 3711 1347 3782; baseline -0.001 -17"><span class='ocrx_word' id='word_1_230' title='bbox 185 3721 226 3768; x_wconf 77' lang='grc'><strong>’5.</strong></span> <span class='ocrx_word' id='word_1_231' title='bbox 248 3715 291 3782; x_wconf 73' lang='lat' dir='ltr'><strong>acl</strong></span> <span class='ocrx_word' id='word_1_232' title='bbox 311 3715 377 3781; x_wconf 71' lang='lat' dir='ltr'><strong>ety</strong></span> <span class='ocrx_word' id='word_1_233' title='bbox 408 3714 417 3781; x_wconf 89' lang='grc' dir='ltr'><strong>ΙΙ</strong></span> <span class='ocrx_word' id='word_1_234' title='bbox 450 3721 473 3766; x_wconf 85' lang='grc'><strong>6.</strong></span> <span class='ocrx_word' id='word_1_235' title='bbox 493 3711 661 3777; x_wconf 82' lang='lat' dir='ltr'><strong>raeticarum</strong></span> <span class='ocrx_word' id='word_1_236' title='bbox 678 3717 704 3763; x_wconf 85' lang='grc' dir='ltr'><strong>Η</strong></span> <span class='ocrx_word' id='word_1_237' title='bbox 757 3715 813 3765; x_wconf 83' lang='lat' dir='ltr'><strong>ret:</strong></span> <span class='ocrx_word' id='word_1_238' title='bbox 836 3717 879 3781; x_wconf 76' lang='grc' dir='ltr'><strong>γΑ</strong></span> <span class='ocrx_word' id='word_1_239' title='bbox 933 3711 1009 3764; x_wconf 90' lang='lat' dir='ltr'><strong>rhet:</strong></span> <span class='ocrx_word' id='word_1_240' title='bbox 1033 3730 1051 3765; x_wconf 85' lang='lat' dir='ltr'><strong>o</strong></span> <span class='ocrx_word' id='word_1_241' title='bbox 1082 3713 1091 3781; x_wconf 89' lang='grc' dir='ltr'><strong>ΙΙ</strong></span> <span class='ocrx_word' id='word_1_242' title='bbox 1123 3719 1147 3765; x_wconf 93' lang='grc'><strong>8.</strong></span> <span class='ocrx_word' id='word_1_243' title='bbox 1168 3713 1305 3767; x_wconf 87' lang='lat' dir='ltr'><strong>danuuius</strong></span> <span class='ocrx_word' id='word_1_244' title='bbox 1322 3718 1347 3764; x_wconf 81' lang='grc' dir='ltr'><strong>Η</strong></span> 
     </span>
     <span class='ocr_line' id='line_1_29' title="bbox 203 3772 1348 3853; baseline 0 -18"><span class='ocrx_word' id='word_1_245' title='bbox 203 3783 340 3836; x_wconf 87' lang='lat' dir='ltr'><strong>danubius</strong></span> <span class='ocrx_word' id='word_1_246' title='bbox 363 3802 404 3852; x_wconf 77' lang='grc' dir='ltr'><strong>γα</strong></span> <span class='ocrx_word' id='word_1_247' title='bbox 437 3785 447 3852; x_wconf 81' lang='grc' dir='ltr'><strong>ΙΙ</strong></span> <span class='ocrx_word' id='word_1_248' title='bbox 479 3783 519 3853; x_wconf 89' lang='lat' dir='ltr'><strong>et]</strong></span> <span class='ocrx_word' id='word_1_249' title='bbox 544 3800 576 3837; x_wconf 87' lang='lat' dir='ltr'><strong>ac</strong></span> <span class='ocrx_word' id='word_1_250' title='bbox 599 3772 664 3852; x_wconf 60' lang='lat' dir='ltr'><strong>ff&#39;ll</strong></span> <span class='ocrx_word' id='word_1_251' title='bbox 696 3790 721 3837; x_wconf 86' lang='grc'><strong>9.</strong></span> <span class='ocrx_word' id='word_1_252' title='bbox 744 3784 853 3837; x_wconf 89' lang='lat' dir='ltr'><strong>abnobe</strong></span> <span class='ocrx_word' id='word_1_253' title='bbox 879 3788 903 3834; x_wconf 85' lang='lat'><strong>11</strong></span> <span class='ocrx_word' id='word_1_254' title='bbox 957 3782 1078 3838; x_wconf 85' lang='lat' dir='ltr'><strong>arnobae</strong></span> <span class='ocrx_word' id='word_1_255' title='bbox 1101 3789 1152 3836; x_wconf 77' lang='lat' dir='ltr'><strong>MA</strong></span> <span class='ocrx_word' id='word_1_256' title='bbox 1207 3784 1348 3837; x_wconf 78' lang='lat' dir='ltr'><strong>arnobes</strong></span> 
     </span>
     <span class='ocr_line' id='line_1_30' title="bbox 203 3853 1217 3924; baseline -0.002 -16"><span class='ocrx_word' id='word_1_257' title='bbox 203 3855 324 3909; x_wconf 82' lang='lat' dir='ltr'><strong>arbonae</strong></span> <span class='ocrx_word' id='word_1_258' title='bbox 348 3859 433 3910; x_wconf 77' lang='lat' dir='ltr'><strong>Auor.</strong></span> <span class='ocrx_word' id='word_1_259' title='bbox 452 3873 470 3908; x_wconf 84' lang='lat' dir='ltr'><strong>a</strong></span> <span class='ocrx_word' id='word_1_260' title='bbox 505 3854 514 3924; x_wconf 76' lang='lat' dir='ltr'><strong>ll</strong></span> <span class='ocrx_word' id='word_1_261' title='bbox 551 3854 663 3922; x_wconf 75' lang='lat' dir='ltr'><strong>effusus]</strong></span> <span class='ocrx_word' id='word_1_262' title='bbox 684 3854 777 3908; x_wconf 83' lang='lat' dir='ltr'><strong>effusis</strong></span> <span class='ocrx_word' id='word_1_263' title='bbox 797 3859 822 3905; x_wconf 82' lang='grc' dir='ltr'><strong>Η</strong></span> <span class='ocrx_word' id='word_1_264' title='bbox 853 3856 862 3923; x_wconf 86' lang='grc' dir='ltr'><strong>ΙΙ</strong></span> <span class='ocrx_word' id='word_1_265' title='bbox 894 3853 981 3923; x_wconf 89' lang='lat' dir='ltr'><strong>pluris</strong></span> <span class='ocrx_word' id='word_1_266' title='bbox 1000 3871 1022 3905; x_wconf 85' lang='grc' dir='ltr'><em>α</em></span> <span class='ocrx_word' id='word_1_267' title='bbox 1059 3855 1153 3922; x_wconf 88' lang='lat' dir='ltr'><strong>plures</strong></span> <span class='ocrx_word' id='word_1_268' title='bbox 1172 3860 1217 3924; x_wconf 72' lang='lat' dir='ltr'><strong>ny</strong></span> 
     </span>
    </p>

    <p class='ocr_par' dir='ltr' id='par_1_8' title="bbox 205 3923 1349 4267">
     <span class='ocr_line' id='line_1_31' title="bbox 274 3923 1349 3995; baseline 0 -17"><span class='ocrx_word' id='word_1_269' title='bbox 274 3927 304 3978; x_wconf 82' lang='lat'><strong>2.</strong></span> <span class='ocrx_word' id='word_1_270' title='bbox 342 3932 366 3979; x_wconf 86' lang='lat'><strong>8.</strong></span> <span class='ocrx_word' id='word_1_271' title='bbox 387 3925 440 3978; x_wconf 90' lang='lat' dir='ltr'><strong>sibi</strong></span> <span class='ocrx_word' id='word_1_272' title='bbox 459 3930 500 3977; x_wconf 75' lang='lat' dir='ltr'><strong>Hs</strong></span> <span class='ocrx_word' id='word_1_273' title='bbox 551 3924 574 3979; x_wconf 91' lang='lat' dir='ltr'><strong>si</strong></span> <span class='ocrx_word' id='word_1_274' title='bbox 591 3923 657 3977; x_wconf 66' lang='grc' dir='ltr'><strong>Μ’</strong></span> <span class='ocrx_word' id='word_1_275' title='bbox 690 3927 700 3993; x_wconf 77' lang='grc' dir='ltr'><strong>ΙΙ</strong></span> <span class='ocrx_word' id='word_1_276' title='bbox 734 3932 774 3979; x_wconf 89' lang='lat'><strong>10.</strong></span> <span class='ocrx_word' id='word_1_277' title='bbox 794 3926 949 3980; x_wconf 84' lang='lat' dir='ltr'><strong>Teutonum</strong></span> <span class='ocrx_word' id='word_1_278' title='bbox 968 3925 1142 3995; x_wconf 75' lang='lat' dir='ltr'><strong>archetypus,</strong></span> <span class='ocrx_word' id='word_1_279' title='bbox 1163 3929 1197 3992; x_wconf 78' lang='lat' dir='ltr'><strong>cf.</strong></span> <span class='ocrx_word' id='word_1_280' title='bbox 1241 3927 1349 3980; x_wconf 81' lang='lat' dir='ltr'><strong>Isidori</strong></span> 
     </span>
     <span class='ocr_line' id='line_1_32' title="bbox 205 3995 1347 4064; baseline -0.002 -14"><span class='ocrx_word' id='word_1_281' title='bbox 205 4001 382 4062; x_wconf 78' lang='lat' dir='ltr'><strong>or.18,7‚7</strong></span> <span class='ocrx_word' id='word_1_282' title='bbox 402 3998 457 4051; x_wconf 82' lang='lat' dir='ltr'><strong>cod.</strong></span> <span class='ocrx_word' id='word_1_283' title='bbox 484 3997 729 4064; x_wconf 75' lang='lat' dir='ltr'><strong>Vuiaeaburpcbsis</strong></span> <span class='ocrx_word' id='word_1_284' title='bbox 748 3995 886 4049; x_wconf 87' lang='lat' dir='ltr'><strong>histonem</strong></span> <span class='ocrx_word' id='word_1_285' title='bbox 906 4002 956 4050; x_wconf 83' lang='lat' dir='ltr'><strong>aut</strong></span> <span class='ocrx_word' id='word_1_286' title='bbox 978 3995 1119 4050; x_wconf 87' lang='lat' dir='ltr'><strong>vistonem</strong></span> <span class='ocrx_word' id='word_1_287' title='bbox 1137 4002 1162 4048; x_wconf 81' lang='grc' dir='ltr'><strong>Η</strong></span> <span class='ocrx_word' id='word_1_288' title='bbox 1207 3998 1347 4052; x_wconf 88' lang='lat' dir='ltr'><strong>histonem</strong></span> 
     </span>
     <span class='ocr_line' id='line_1_33' title="bbox 205 4063 1347 4138; baseline -0.002 -17"><span class='ocrx_word' id='word_1_289' title='bbox 205 4075 295 4138; x_wconf 53' lang='lat' dir='ltr'><strong>Quor.</strong></span> <span class='ocrx_word' id='word_1_290' title='bbox 363 4067 479 4121; x_wconf 81' lang='lat' dir='ltr'><strong>tristonc</strong></span> <span class='ocrx_word' id='word_1_291' title='bbox 510 4063 538 4118; x_wconf 77' lang='lat' dir='ltr'><strong>A&#39;</strong></span> <span class='ocrx_word' id='word_1_292' title='bbox 604 4067 758 4121; x_wconf 86' lang='lat' dir='ltr'><strong>tuisconem</strong></span> <span class='ocrx_word' id='word_1_293' title='bbox 784 4073 870 4122; x_wconf 74' lang='lat' dir='ltr'><strong>fluor.</strong></span> <span class='ocrx_word' id='word_1_294' title='bbox 899 4073 934 4121; x_wconf 74' lang='lat' dir='ltr'><strong>so</strong></span> <span class='ocrx_word' id='word_1_295' title='bbox 965 4067 975 4135; x_wconf 81' lang='lat' dir='ltr'><strong>ll</strong></span> <span class='ocrx_word' id='word_1_296' title='bbox 1008 4072 1048 4121; x_wconf 90' lang='lat'><strong>11.</strong></span> <span class='ocrx_word' id='word_1_297' title='bbox 1074 4068 1100 4120; x_wconf 91' lang='lat' dir='ltr'><strong>ei</strong></span> <span class='ocrx_word' id='word_1_298' title='bbox 1127 4067 1208 4121; x_wconf 77' lang='lat' dir='ltr'><strong>HMA&#39;</strong></span> <span class='ocrx_word' id='word_1_299' title='bbox 1279 4073 1308 4121; x_wconf 88' lang='lat' dir='ltr'><strong>et</strong></span> <span class='ocrx_word' id='word_1_300' title='bbox 1332 4073 1347 4119; x_wconf 82' lang='lat' dir='ltr'><strong>s</strong></span> 
     </span>
     <span class='ocr_line' id='line_1_34' title="bbox 205 4138 1347 4208; baseline -0.001 -17"><span class='ocrx_word' id='word_1_301' title='bbox 205 4139 251 4192; x_wconf 91' lang='lat' dir='ltr'><strong>eui</strong></span> <span class='ocrx_word' id='word_1_302' title='bbox 274 4158 292 4192; x_wconf 86' lang='lat' dir='ltr'><strong>a</strong></span> <span class='ocrx_word' id='word_1_303' title='bbox 327 4141 336 4207; x_wconf 78' lang='lat' dir='ltr'><strong>ll</strong></span> <span class='ocrx_word' id='word_1_304' title='bbox 374 4156 506 4192; x_wconf 87' lang='lat' dir='ltr'><strong>mannum</strong></span> <span class='ocrx_word' id='word_1_305' title='bbox 529 4143 640 4204; x_wconf 71' lang='lat' dir='ltr'><strong>Emory.</strong></span> <span class='ocrx_word' id='word_1_306' title='bbox 666 4157 688 4191; x_wconf 86' lang='grc' dir='ltr'><em>α</em></span> <span class='ocrx_word' id='word_1_307' title='bbox 742 4138 826 4190; x_wconf 69' lang='lat' dir='ltr'><strong>minii</strong></span> <span class='ocrx_word' id='word_1_308' title='bbox 851 4143 867 4188; x_wconf 80' lang='lat'>8</span> <span class='ocrx_word' id='word_1_309' title='bbox 920 4155 1033 4192; x_wconf 83' lang='lat' dir='ltr'><strong>manum</strong></span> <span class='ocrx_word' id='word_1_310' title='bbox 1052 4143 1079 4190; x_wconf 79' lang='grc' dir='ltr'><strong>Μ</strong></span> <span class='ocrx_word' id='word_1_311' title='bbox 1133 4158 1260 4194; x_wconf 83' lang='lat' dir='ltr'><strong>murnum</strong></span> <span class='ocrx_word' id='word_1_312' title='bbox 1279 4143 1303 4190; x_wconf 76' lang='grc' dir='ltr'><strong>Η</strong></span> <span class='ocrx_word' id='word_1_313' title='bbox 1339 4138 1347 4208; x_wconf 69' lang='grc' dir='ltr'>ξ</span> 
     </span>
     <span class='ocr_line' id='line_1_35' title="bbox 207 4205 1127 4267; baseline 0.001 -4"><span class='ocrx_word' id='word_1_314' title='bbox 207 4210 350 4267; x_wconf 76' lang='lat' dir='ltr'><strong>conditore</strong></span> <span class='ocrx_word' id='word_1_315' title='bbox 370 4215 395 4264; x_wconf 81' lang='grc' dir='ltr'><strong>Η</strong></span> <span class='ocrx_word' id='word_1_316' title='bbox 433 4209 583 4264; x_wconf 81' lang='lat' dir='ltr'><strong>conditoris</strong></span> <span class='ocrx_word' id='word_1_317' title='bbox 601 4205 658 4262; x_wconf 60' lang='grc' dir='ltr'><strong>ΜΕ</strong></span> <span class='ocrx_word' id='word_1_318' title='bbox 697 4206 849 4264; x_wconf 85' lang='lat' dir='ltr'><strong>eondiroris</strong></span> <span class='ocrx_word' id='word_1_319' title='bbox 868 4227 886 4264; x_wconf 85' lang='lat' dir='ltr'><strong>u</strong></span> <span class='ocrx_word' id='word_1_320' title='bbox 922 4208 1127 4266; x_wconf 78' lang='lat' dir='ltr'><strong>conditorioss</strong></span> 
     </span>
    </p>
   </div>
   <div class='ocr_carea' id='block_1_6' title="bbox 0 0 1494 4904">
    <p class='ocr_par' dir='ltr' id='par_1_9' title="bbox 0 0 1494 4904">
     <span class='ocr_line' id='line_1_36' title="bbox 0 0 1494 4904; baseline 0 0"><span class='ocrx_word' id='word_1_321' title='bbox 0 0 1494 4904; x_wconf 95' lang='lat' dir='ltr'><strong> </strong></span> 
     </span>
    </p>
   </div>
  </div>
 </body>
</html>
