2940 4904
641 228 835 291 -.9„.

167 391 310 474 ipsorum
330 389 488 454 uocabulo
512 388 652 453 frameas
671 391 788 472 gerunt
807 390 945 472 angusto
970 389 1003 471 et
1024 386 1115 449 breui
1138 386 1234 471 ferro,
1258 387 1340 450 sed⁴

170 498 216 561 ita
240 499 305 563 acri
326 500 358 561 et
381 497 421 561 ad
444 519 538 560 usum
561 495 673 580 habili,
696 498 733 559 ut
752 496 864 559 eodem
883 494 957 577 te10,
979 496 1078 577 prout
1096 493 1180 558 ratio
1199 494 1314 578 poscit,

167 605 219 668 uel
244 604 422 670 comminus
445 605 498 667 uel
522 603 646 667 eminus
669 606 822 688 pugnent.

255 711 300 775 Et
312 732 413 794 eques
438 707 567 792 quidem
590 711 680 773 scuto
704 708 890 793 frameaque
914 711 1084 774 contentus
1103 712 1166 793 est,
1189 707 1313 791 pedites

168 821 201 881 et
229 816 366 880 missilia
395 817 555 900 spargunt
586 815 744 907 pluraque
776 816 908 900 singuli,
943 818 1038 899 atque
1066 816 1101 879 in
1132 816 1341 880 inmensume

167 924 310 1008 uibrant,
338 923 416 988 nudi
445 926 501 986 aut
525 921 638 1006 sagulo
662 922 760 986 leues.
805 923 896 987 nulla
919 922 1023 987 cultus
1047 922 1194 1005 iactati03
1223 926 1314 988 scuta

168 1033 294 1094 tantum
324 1030 507 1095 lectissimis
536 1029 697 1095 coloribus
726 1030 918 1114 distingunt.
962 1029 1073 1113 paucis
1096 1027 1229 1112 loricae,
1259 1028 1314 1092 uix

167 1137 223 1200 uni
252 1136 385 1200 alteriue
410 1135 509 1200 cassis
538 1138 595 1199 aut
623 1137 743 1220 galeae.
765 1135 769 1219 l
789 1136 875 1220 Equi
898 1158 964 1201 non
987 1137 1105 1219 forma,
1133 1157 1199 1199 non
1228 1135 1314 1200 uelo-

169 1243 267 1306 citate
292 1241 465 1324 conspicui.
1329 1266 1353 1304 rs

259 1346 321 1412 Sed
343 1370 402 1412 nec
425 1348 552 1413 uariare
575 1369 672 1433 gyros
696 1349 730 1413 in
758 1370 880 1413 morem
907 1350 1054 1413 nostrum
1083 1348 1251 1424 docentur:
1280 1347 1315 1411 in

166 1457 289 1518 rectum
317 1457 374 1518 aut
400 1477 465 1519 uno
493 1453 577 1520 flexu
605 1455 734 1521 dextros
759 1457 873 1539 agunt,
896 1454 943 1518 ita
966 1454 1136 1519 coniuncto
1166 1455 1256 1538 orbe,
1279 1456 1316 1518 ut

168 1583 262 1625 nemo
286 1563 445 1644 posterior
469 1563 520 1627 sit.
565 1563 601 1627 in
624 1564 809 1627 uniuersum
835 1561 1020 1626 aestimanti
1042 1562 1116 1645 plus
1140 1576 1239 1645 penes
1262 1583 1314 1644 pe·

167 1669 266 1732 ditem
295 1669 435 1752 roboris3
464 1692 565 1754 eoque
592 1669 687 1733 mixti
715 1668 930 1752 proeliantur,
959 1671 1036 1751 apta
1065 1672 1097 1732 et
1120 1671 1315 1753 congruente
1330 1690 1355 1729 re

168 1776 208 1839 ad
241 1779 422 1859 equestrem
460 1795 605 1859 pugnam
641 1775 814 1840 uelocitate
846 1774 1003 1859 peditum,
1041 1797 1121 1858 quos
1157 1797 1195 1840 ex
1228 1775 1315 1840 omni

169 1882 336 1945 iuuentute
360 1882 503 1946 delectos
526 1885 600 1945 ante
624 1883 726 1946 aciem
749 1883 869 1947 locant.

255 1986 414 2052 Definitur
433 1990 466 2051 et
483 2009 651 2052 numerus:
676 1988 802 2053 centeni
822 2010 860 2053 ex
882 1988 1020 2072 singulis
1044 1990 1137 2075 pagis
1161 1993 1246 2073 sunt,
1269 1990 1314 2053 id-

166 2117 227 2179 que
255 2095 360 2178 ipsum
388 2095 474 2159 inter
503 2116 579 2159 suos
608 2099 781 2179 uocantur,
814 2099 847 2160 et
877 2095 962 2180 quod
995 2096 1135 2179 primunr
1162 2118 1314 2166 numerus
1329 2117 1354 2155 eo

166 2202 242 2284 fuit,
265 2202 330 2266 iam
353 2222 471 2266 nomen
495 2205 527 2266 et
549 2201 656 2266 honor
679 2207 736 2267 est.

256 2308 352 2372 Acies
385 2330 442 2391 per
470 2329 587 2373 euneos
621 2309 834 2393 comp‘onitur.
884 2308 994 2373 cedere
1023 2311 1108 2394 loco,
1142 2309 1314 2375 dummodo

168 2436 279 2478 rursus
304 2414 418 2498 instes,
448 2414 576 2479 consilii
600 2437 696 2498 quam
719 2414 901 2481 formidinis
925 2416 1133 2481 arbitrantur.
1180 2438 1315 2500 corpora

169 2542 299 2584 suorum
329 2520 427 2584 etiam
450 2521 485 2585 in
508 2521 612 2586 dubiis
641 2521 773 2605 proeliis
797 2521 950 2588 referunt.
997 2525 1123 2587 scutum
1146 2523 1356 2606 reliquissem

168 2628 376 2711 praecipuum
403 2627 577 2712 flagitium,
608 2649 667 2692 nec
696 2630 752 2692 aut
781 2627 881 2692 saeris
910 2626 1021 2691 adesse
1054 2632 1110 2692 aut
1143 2629 1315 2695 concilium

166 2734 248 2798 inire
267 2733 484 2818 ignominioso
503 2732 566 2818 fas3
586 2734 741 2817 multique
762 2735 950 2819 superstites
970 2734 1127 2800 bellorum
1146 2736 1315 2802 infamiam

169 2841 283 2925 laqueo
307 2841 470 2906 finierunt.

259 2950 286 3012 7.
324 2947 430 3032 Reges
459 2969 497 3012 ex
525 2948 709 3031 nobilitate,
737 2947 834 3012 duces
859 2968 897 3010 ex
922 2947 1043 3011 uirtute
1073 2952 1211 3012 sumunt
1257 2970 1315 3014 neo

170 3053 301 3137 regibus
325 3053 454 3118 infinita
477 3057 534 3118 aut
555 3054 658 3119 libera
680 3056 835 3138 potestas,
860 3056 893 3117 et
916 3053 1011 3118 duces
1036 3055 1183 3138 exemplo
1207 3055 1314 3138 potius

170 3181 266 3243 quam
289 3157 436 3243 imperio,
460 3159 487 3224 si
510 3161 663 3245 prompti,
687 3159 714 3225 si
734 3160 908 3244 conspicui,
932 3160 960 3224 si
984 3164 1059 3225 ante
1080 3162 1183 3227 aciem
1207 3166 1315 3248 agant,

171 3265 386 3329 admiratione
408 3269 571 3349 praesunt.
1323 3296 1338 3334 4

259 3369 408 3437 Ceterum
427 3394 530 3457 neque
550 3364 805 3438 animaduertere
823 3393 925 3455 neque
940 3373 1069 3457 uincire,
1087 3395 1127 3438 ne
1146 3374 1315 3440 uerberare

169 3479 297 3563 quidem
325 3479 391 3558 nisi
418 3479 639 3545 sacerdotibus
668 3479 877 3563 permissum,
896 3501 970 3563 ,non
998 3480 1089 3563 quasi
1117 3481 1151 3545 in
1177 3504 1315 3565 poenam

166 3610 225 3652 nec
245 3587 335 3653 ducis
355 3586 456 3671 iussu,
480 3586 536 3650 sed
554 3586 645 3650 uelut
663 3586 722 3651 deo
741 3586 931 3670 imperante,
950 3608 1044 3670 quem
1063 3587 1174 3652 adesse
1193 3588 1315 3654 bellan-

168 3731 335 3743 —,.-.-.-.
345 3732 382 3738 ...-

239 3800 268 3851 6.
306 3802 330 3851 5.
350 3796 439 3851 habili
454 3814 476 3849 α
513 3796 581 3852 abili
596 3801 639 3850 Hs
675 3796 744 3852 alibi
758 3804 785 3851 Μ
812 3801 821 3868 ΙΙ
849 3807 872 3855 6.
893 3799 1017 3854 eominus
1031 3803 1054 3850 A
1091 3797 1216 3853 cominus
1231 3799 1317 3887 cettpl

167 3875 191 3923 8.
211 3868 240 3922 iu
257 3868 397 3922 imensum
416 3872 478 3922 Hsa
518 3872 692 3922 imensr'rA
728 3870 885 3924 inmensum
907 3876 934 3922 Μ
976 3869 984 3940 ll
1021 3874 1062 3922 10.
1089 3867 1247 3937 distingunt
1264 3876 1307 3940 γΔ

166 3940 325 4009 distingunt
348 3957 366 3992 a
383 3938 599 4008 'distinguuntur
622 3943 648 3991 H
687 3940 697 4008 ll
738 3947 779 3995 11.
803 3941 884 4014 galeq
908 3941 938 3993 A'
985 3940 1066 4009 galee
1088 3944 1150 3993 Ηθα
1190 3940 1265 4009 galie
1289 3949 1316 3996 Μ

167 4011 249 4080 galea
275 4010 486 4065 Arwadeltcaas
512 4014 537 4064 et
566 4009 723 4064 Palicanus
763 4011 773 4080 ΙΙ
814 4017 856 4067 14.
884 4013 957 4067 flexu
985 4007 1066 4063 ΗΜ
1124 4010 1199 4064 fluxu
1227 4018 1262 4066 Ba
1308 4015 1316 4084 ll

169 4080 316 4135 coniuncto
331 4076 368 4132 A''
409 4082 508 4136 cuncto
526 4085 572 4149 Hy
607 4082 616 4151 ΙΙ
659 4087 699 4136 18.
719 4081 842 4137 delectos
861 4101 902 4153 γα
931 4083 1049 4160 dilectos
1068 4088 1092 4135 Η
1125 4083 1135 4151 ΙΙ
1167 4089 1208 4137 20.
1228 4084 1315 4156 quod]

167 4186 281 4256 quidem
299 4183 328 4239 A'
351 4205 368 4256 q
389 4204 407 4241 a
429 4188 439 4255 ΙΙ
461 4187 583 4257 primum
602 4192 644 4241 ns
680 4188 839 4258 primoliu
867 4191 877 4258 ΙΙ
904 4196 945 4243 26.
965 4163 1042 4245 ddire
1062 4195 1086 4242 Η

239 4260 265 4312 ’1.
303 4264 327 4338 2
348 4258 398 4338 ant
422 4262 471 4310 llo
527 4273 558 4310 ac
577 4262 620 4310 ns
651 4259 660 4327 11
692 4260 721 4313 et
746 4264 810 4329 Hya
865 4260 949 4315 etiam
968 4256 997 4314 A'
1032 4262 1041 4331 ΙΙ
1073 4268 1097 4315 3.
1117 4258 1140 4313 si
1159 4259 1314 4338 conspicui]

169 4345 203 4383 ac
222 4346 365 4398 consprour
384 4332 409 4379 11
440 4328 450 4396 ll
481 4333 506 4381 5.
526 4328 631 4383 uincire
650 4334 697 4383 lia
735 4331 883 4402 uincercy
933 4334 936 4339 “
