2940 4904
513 232 830 322 ,45-

153 394 298 459 hibernis
323 392 420 457 etiam
444 391 565 456 Gallias
589 393 796 476 affeetauere;
826 416 862 458 ae
889 416 1000 459 rursus
1027 395 1114 478 pulsi
1137 395 1203 459 iam
1226 416 1299 478 pro·
1314 423 1340 463 er

153 501 247 568 rimis
271 499 471 584 temporibus
494 499 687 582 triumphati
711 500 815 585 magis
840 523 936 585 quam
960 501 1036 565 uieti
1062 506 1145 567 sunt.

243 609 295 674 38.
327 607 421 672 Nune
444 606 483 671 de
507 605 617 672 Suebis
642 607 810 671 dicendum
835 612 893 691 est,
920 629 1056 691 quorum
1079 631 1146 673 non
1170 630 1241 692 una,
1264 611 1300 672 ut

154 714 347 782 Chattorum
375 714 660 797 Tencterorumue,
688 735 781 798 gens3
811 715 966 779 maiorem
994 716 1080 780 enim
1109 713 1300 780 Germaniae

154 826 280 908 partem
300 822 458 905 optinent,
482 821 621 904 propriis
642 820 744 886 adhue
763 822 950 887 nationibus
970 822 1220 908 nominibusque
1238 822 1300 886 dis·

154 930 247 1014 ereti,
271 950 465 1013 quamquam
488 928 522 991 in
546 949 714 992 commune
739 927 832 993 Suebi
856 933 1020 994 nocentur.
1313 958 1327 996 a

242 1035 374 1119 Insigne
402 1034 509 1118 gentis
538 1033 703 1117 obliquare
734 1035 854 1100 crinem
887 1036 1034 1120 nodoque
1068 1036 1301 1120 substringere:

156 1146 200 1208 sie
224 1142 317 1208 Suebi
342 1166 361 1207 a
384 1142 498 1207 ceteris
525 1141 709 1226 Germanis,
735 1142 780 1206 sio
806 1141 980 1207 Sueborum
1001 1143 1133 1228 ingenui
1157 1164 1176 1207 a
1200 1141 1301 1206 seruis

156 1251 358 1333 separantur.
380 1248 414 1311 in
439 1248 510 1312 aliis
530 1248 692 1333 gentibue,
716 1270 771 1313 seu
792 1251 985 1334 cognatione
1004 1249 1111 1332 aliqua
1126 1247 1301 1313 Sueborum

157 1379 221 1441 sen,
245 1355 330 1441 quod
354 1355 481 1438 saepius
501 1353 626 1437 accidit,
651 1355 841 1439 imitatione,
864 1378 972 1420 rarum
995 1360 1029 1420 et
1046 1356 1132 1420 intra
1150 1356 1328 1424 iuuentaes

157 1463 307 1548 spatium,
331 1462 416 1545 apud
436 1458 554 1526 Suebos
578 1483 679 1545 usque
704 1462 743 1526 ad
768 1463 917 1533 canitiem
941 1462 1127 1527 horrentem
1148 1462 1301 1546 capillum

155 1574 240 1636 retro
265 1574 432 1653 seponunt,
457 1590 493 1635 ae
518 1590 613 1651 saepe
637 1568 764 1652 inipso
789 1570 858 1634 solo
877 1569 998 1634 uertice
1017 1569 1170 1654 religant3
1189 1567 1198 1652 11
1216 1569 1302 1652 prin·

157 1679 244 1762 cipes
275 1681 307 1741 et
330 1676 527 1741 ornatiorem
551 1674 683 1739 habent.
728 1696 766 1740 ea
789 1698 865 1740 eura
889 1676 1026 1759 formae,
1056 1675 1111 1739 sed
1138 1675 1301 1760 innoxiae3

156 1806 259 1869 neque
284 1785 370 1848 enim
394 1787 430 1846 ut
455 1786 563 1846 ament
585 1785 783 1866 amenturue,
806 1783 840 1846 in
864 1783 1067 1847 altitudinem
1087 1782 1249 1866 quandam
1271 1785 1304 1846 et
1318 1809 1342 1849 n

157 1896 312 1958 terrorem
336 1890 453 1955 adituri
477 1889 564 1954 bella
587 1889 708 1973 compti
732 1893 768 1953 ut
791 1890 936 1955 hostium
960 1890 1060 1956 oeulis
1084 1892 1250 1954 ornantur.

244 1999 297 2063 39.
333 1996 580 2062 Vetustissimos
606 2019 661 2061 seu
684 1997 905 2063 nobilissimos
928 1996 1103 2063 Sueborum
1128 1994 1303 2061 Semnones

157 2106 350 2187 memorant;
369 2103 447 2168 fides
468 2103 672 2187 antiquitatis
692 2104 848 2189 religione
867 2106 1023 2169 firmatur.
1052 2106 1138 2168 stato
1158 2103 1303 2187 tempore

157 2213 190 2276 in
209 2212 326 2276 siluam
346 2210 491 2295 auguriis
510 2213 640 2293 patrum
660 2214 693 2274 et
716 2211 822 2294 prisea
845 2210 1018 2276 formidine
1044 2232 1168 2275 sacram
1192 2231 1303 2274 omnes

146 2318 362 2411 ¹eiusdemque
396 2317 563 2402 sanguinis
596 2318 708 2401 populi
740 2318 959 2403 legationibus
993 2322 1109 2384 coeunt
1146 2337 1331 2401 caesoquer

159 2424 283 2509 publiea
314 2424 445 2489 homine
474 2424 638 2489 celebrant
665 2425 796 2490 barbari
824 2426 907 2490 ritus
935 2425 1096 2489 horrenda
1119 2423 1304 2509 primordia.

80 2611 83 2615 Ι
160 2535 208 2597 est
231 2536 264 2597 et
287 2531 352 2595 alia
375 2533 447 2595 lueo
471 2531 668 2596 reuerentia:
697 2552 793 2597 nemo
817 2532 880 2596 nisi
904 2530 1033 2596 uinculo
1056 2531 1176 2616 ligatus
1200 2532 1304 2615 ingre·

158 2639 258 2722 ditur,
273 2641 322 2702 'ut
349 2638 456 2702 minor
484 2641 516 2703 et
544 2641 741 2721 potestatem
768 2638 910 2703 numinis
943 2660 1021 2722 prae
1049 2660 1083 2702 se
1110 2638 1225 2703 ferens.
1277 2637 1304 2702 si

160 2744 245 2808 forte
273 2745 443 2829 prolapsus
473 2748 536 2829 est,
569 2744 675 2809 attolli
707 2747 740 2808 et
767 2745 933 2830 insurgere
965 2744 1046 2809 haut
1077 2744 1215 2809 linitum:
1247 2765 1331 2835 pera

230 2924 273 2974 24.
292 2917 348 2974 iam
367 2920 487 2989 Ruperti
523 2937 588 2974 nam
608 2924 652 2988 Hy
688 2918 753 2973 inde
772 2913 809 2971 Δ”

229 2992 282 3044 38.
322 2997 345 3046 1.
365 2991 457 3046 suauis
476 2992 552 3046 codd.
585 2992 594 3060 11
627 2997 650 3044 2.
671 2990 828 3047 ohattorum
847 2984 921 3059 Hya'
962 2989 1119 3044 catthorum
1139 3006 1157 3042 o
1187 2990 1197 3071 11
1228 2990 1304 3042 teno-

158 3063 282 3116 terorum
300 3067 356 3132 Hor⁸
394 3064 542 3128 teneterorl
560 3067 587 3115 Μ
631 3061 792 3130 feeteroqfl
828 3062 838 3131 11
875 3068 898 3117 3.
920 3061 1087 3131 optinentur
1134 3059 1245 3115 obtmbt
1263 3063 1305 3111 Hs

159 3133 267 3188 obtinet
285 3138 312 3186 Η
344 3134 354 3202 1
386 3140 410 3188 4.
430 3134 613 3204 quamquam]
651 3150 735 3203 quam
754 3128 782 3185 A'
817 3134 826 3202 11
863 3132 941 3187 sueni
960 3132 1036 3186 codd.
1068 3133 1078 3201 11
1116 3136 1140 3186 5.
1160 3130 1304 3200 obliquare

159 3209 197 3257 aa
240 3203 353 3272 oblique
371 3211 399 3259 M
442 3205 566 3274 obligare
584 3209 610 3256 11
640 3205 650 3273 11
682 3211 706 3259 6.
726 3204 805 3258 auaui
824 3221 841 3258 a
858 3209 903 3274 Hy
949 3202 1045 3258 suenia
1063 3221 1085 3257 α
1116 3205 1126 3273 11
1158 3218 1305 3258 suenorum
1353 3253 1357 3261 ,

158 3275 233 3330 codd.
266 3276 276 3345 11
309 3282 332 3333 7.
352 3293 500 3331 suenorum
519 3277 594 3330 codd.
626 3277 636 3345 11
668 3282 692 3331 8.
712 3274 804 3345 sepius
822 3280 847 3328 Η
884 3274 979 3344 supius
995 3277 999 3344 1
1016 3275 1107 3344 sepius
1122 3280 1149 3328 Η
1186 3289 1251 3342 sepe
1271 3278 1306 3327 Sa

158 3379 241 3432 saepe
256 3359 285 3416 A'
307 3366 316 3434 11
337 3381 430 3419 rarum
444 3370 555 3434 Hmarp.
567 3382 609 3435 γα
637 3382 732 3420 eorum
747 3369 773 3416 Η
795 3366 805 3434 11
828 3369 852 3418 9.
868 3350 966 3418 suebos
981 3364 1056 3419 coda.
1079 3364 1089 3432 11
1113 3368 1154 3416 10.
1169 3362 1307 3430 seponunt

159 3435 261 3489 coariani
287 3439 441 3508 sequuntur
460 3454 478 3490 a
521 3437 654 3507 sequntur
672 3431 744 3489 ΗΒΕ
793 3425 892 3504 sequi?
910 3440 937 3488 Μ
968 3435 978 3503 11
1011 3434 1119 3504 inipso
1139 3431 1242 3486 soloE
1277 3430 1307 3486 in

157 3522 205 3594 ip“o
224 3541 243 3594 y
262 3528 347 3581 eaor.
393 3525 421 3578 in
441 3524 500 3579 solo
519 3529 542 3576 Δ
579 3525 638 3580 solo
661 3524 689 3579 in
714 3543 732 3580 a
763 3528 773 3596 11
804 3524 926 3595 religant
943 3527 1015 3578 mla
1058 3518 1207 3595 illigant!
1243 3521 1306 3576 reli·

158 3596 243 3672 gatar
261 3591 290 3648 A'
324 3597 334 3666 11
368 3601 407 3651 11.
429 3594 598 3650 ornatiorem
618 3601 669 3666 ⁸20⁶
716 3595 906 3660 ornaoioreas
947 3597 1106 3650 ornatorem
1124 3597 1178 3646 n
1212 3594 1222 3662 11
1259 3592 1306 3648 ha·

159 3686 227 3740 bant
245 3701 288 3753 γα
325 3684 454 3739 habetfl
480 3684 490 3752 11
516 3681 717 3738 innoxielffla
754 3683 881 3754 inopies
912 3685 922 3754 11
954 3689 995 3739 12.
1016 3685 1044 3738 et
1062 3700 1104 3753 ay
1143 3677 1241 3752 aeq
1265 3687 1305 3738 13.

159 3759 294 3812 ornantur
312 3759 337 3807 Η
375 3772 436 3810 aar.
474 3758 617 3808 armantur
634 3750 692 3823 γΔ”

231 3829 283 3880 39.
322 3832 345 3881 1.
391 3825 587 3907 etustissimos]
605 3824 802 3881 Vetustissimo
821 3830 848 3878 Η
875 3826 885 3894 11
911 3841 960 3878 seu
973 3829 1026 3876 ΗΜ
1062 3840 1090 3878 se
1110 3841 1131 3876 α
1168 3822 1242 3878 omia.
1263 3827 1279 3874 s
1298 3822 1307 3894 11

160 3897 349 3953 nobilissimos
367 3902 420 3949 ΗΜ
460 3896 701 3966 nobilissimosque
722 3902 760 3950 ba
796 3898 806 3966 11
845 3913 992 3951 suenorum
1013 3896 1089 3949 codd.
1121 3896 1130 3964 11
1162 3909 1313 3977 saumoness

161 3974 186 4022 Η
214 3984 340 4023 semones
360 3963 414 4020 85¹
450 3984 570 4054 seniores
591 3984 719 4071 ¹semones
743 3973 770 4021 Μ
799 3970 809 4038 11
840 3973 865 4023 2.
888 3969 1045 4023 memorant
1068 3970 1133 4020 Eser
1173 3968 1301 4019 mearant

159 4084 185 4130 Μ
222 4076 232 4144 11
273 4045 452 4144 antiquitatis
477 4045 612 4145 religioni
635 4078 661 4127 Η
691 4075 702 4143 11
733 4075 807 4130 stato
827 4081 918 4145 s,aar.
943 4091 964 4127 α
1012 4074 1118 4128 statuto
1143 4077 1170 4125 Π
1216 4070 1306 4126 estiuo

161 4152 176 4198 Β
203 4147 213 4215 11
241 4152 264 4200 3.
284 4149 415 4214 patruum
435 4148 510 4202 codd.
531 4146 729 4211 Uremorreasis,
754 4146 884 4201 Vaticani
902 4149 975 4200 leue
994 4151 1018 4200 et
1038 4144 1102 4199 Vrb.
1123 4147 1186 4209 655,
1206 4142 1239 4196 ef.
1259 4158 1306 4211 pe·

160 4217 245 4271 duum
265 4223 343 4284 lab
379 4219 491 4286 patrum
509 4223 551 4270 ΗΒ
588 4217 750 4288 petriana
781 4218 790 4286 11
822 4234 928 4272 sacram
952 4221 978 4270 11
1015 4220 1161 4271 saerarslfl
1198 4229 1307 4267 sacrum

160 4293 209 4341 Ha
241 4290 251 4357 11
286 4304 381 4341 omnes
398 4283 427 4339 A'
449 4288 493 4341 ms
517 4292 559 4342 Ha
601 4296 672 4342 omis
690 4293 718 4340 H
747 4286 824 4342 ¹nois
848 4294 958 4357 Hmarp.
980 4294 1063 4343 araur.
1110 4283 1306 4354 nomibusqqfl

162 4360 171 4430 11
197 4366 221 4415 4.
242 4359 398 4429 θὶιιεᾰοωιῃ
419 4354 509 4412 ΗΜ
550 4359 721 4432 eiusqdems
752 4361 762 4431 l
793 4365 818 4415 8.
838 4363 908 4416 haut
924 4366 952 4414 M
987 4359 1063 4416 haud
1081 4361 1146 4411 libor
