2940 4904
634 174 831 236 ,7-

161 332 281 398 Manno
314 334 373 397 tris
405 333 491 397 filios
524 333 706 416 assignant,
739 354 756 396 e
784 356 919 417 quorum
952 331 1136 397 nominibus
1168 334 1307 417 proximi
1322 354 1347 393 n

163 442 289 505 Oceano
305 440 516 524 lngaeuones,
530 439 626 503 medii
643 438 867 523 Herminones,
881 442 977 504 ceteri
987 439 1176 505 Istaeuones
1191 463 1306 505 uccen-

162 551 223 610 tur.
255 546 396 630 quidam,
415 545 502 610 utin
521 547 651 610 licentia
670 546 852 629 uetustatis,
874 548 977 630 pluris
996 548 1055 611 deo
1075 551 1163 610 ortos
1183 547 1307 628 plures·

162 675 222 737 que
241 653 348 736 gentis
369 652 611 736 appellationes,
629 651 755 719 Marsos
777 653 982 718 Gambriuios
1003 652 1121 718 Suebos
1135 652 1306 718 Vandilios

162 762 339 843 affirmant3
362 782 462 843 eaque
482 782 560 823 uera
578 764 611 823 et
631 760 764 843 antiqua
782 761 923 825 nomina.
956 765 1095 824 ceterum
1115 758 1306 824 Germaniae
1322 780 1346 818 io

162 866 355 930 uocabulum
387 888 497 931 recens
532 870 564 930 et
599 889 703 949 nuper
736 867 893 949 additum,
930 866 1082 950 quoniam
1119 865 1174 949 qui
1209 866 1306 949 primi

161 972 310 1035 lllienum
332 972 531 1056 transgressi
555 970 666 1036 Gallos
691 973 880 1055 expulerint,
907 994 944 1036 ac
966 994 1051 1036 nune
1074 971 1206 1056 Tungri,
1229 976 1306 1037 tune

161 1079 313 1142 Germani
333 1081 441 1143 uocati
462 1079 535 1144 sint.
566 1079 614 1142 ita
631 1078 773 1143 nationis
793 1100 920 1161 nomen,
938 1100 1004 1142 non
1022 1077 1128 1162 gentis
1148 1079 1306 1144 coaluisse

161 1185 332 1267 paulatim,
361 1190 397 1250 ut
421 1208 531 1250 onmes
554 1186 694 1269 primum
719 1208 737 1249 a
760 1185 883 1249 uictore
908 1186 949 1249 ob
972 1188 1106 1264 metum,
1134 1207 1208 1249 mox
1231 1189 1264 1249 et
1287 1209 1346 1253 axo

162 1312 195 1352 se
220 1291 299 1372 ipsis
323 1293 455 1356 inuento
479 1292 609 1356 nomine
634 1291 788 1356 Germani
811 1296 1011 1356 uocarentur.
1228 1276 1234 1287 ’

247 1399 275 1460 3.
307 1396 420 1463 Fuisse
445 1399 530 1482 apud
554 1421 608 1463 eos
633 1403 665 1462 et
688 1398 861 1464 Herculem
884 1401 1080 1480 memorant,
1103 1399 1306 1484 primumque

159 1505 300 1568 omniurn
325 1506 469 1569 uirorum
492 1506 626 1570 fortium
650 1507 726 1570 ituri
750 1506 783 1569 in
806 1507 931 1589 proelia
955 1508 1084 1570 canunt.

248 1610 331 1676 Sunt
358 1612 423 1697 illis
451 1611 532 1675 haec
560 1634 686 1695 quoque
715 1612 871 1694 carmina,
900 1633 1036 1696 quorum
1064 1613 1181 1692 relatu,
1211 1634 1306 1696 quem

157 1718 322 1781 barditum
346 1722 475 1800 uocant,
498 1717 677 1781 accendunt
695 1718 820 1781 animos
844 1719 1034 1801 futuraeque
1053 1740 1181 1803 pugnae
1205 1719 1304 1783 fortu-
1327 1745 1341 1783 4

159 1845 235 1885 uam
258 1823 328 1906 ipso
354 1828 449 1888 cantu
474 1827 686 1908 augurantur3
714 1827 837 1887 terrent
861 1824 945 1887 enim
969 1824 1185 1908 trepidantue,
1207 1828 1305 1908 prout

158 1929 267 1992 sonuit
296 1930 394 2013 acies,
425 1953 485 1995 nec
512 1934 580 1994 tam
608 1952 703 1995 noces
732 1930 808 1994 illae
841 1952 936 2015 quam
970 1930 1101 1994 uirtutis
1131 1935 1304 1997 concentus

156 2035 315 2100 uidentur.
349 2035 517 2100 affectatur
536 2037 707 2120 praecipue
731 2037 889 2120 asperitas
914 2037 985 2102 soni
1010 2041 1042 2101 et
1062 2037 1201 2101 fractum
1220 2060 1304 2101 mur·

157 2165 238 2225 mur,
262 2142 397 2207 obiectis
417 2143 457 2207 ad
477 2166 512 2209 os
536 2144 645 2225 scutis,
668 2165 731 2226 quo
756 2143 880 2226 plenior
904 2147 936 2207 et
958 2143 1089 2227 grauior
1111 2164 1176 2209 uox
1198 2165 1303 2226 reper·
1327 2170 1339 2209 s

158 2270 255 2312 eussu
273 2249 477 2313 intumescat.
498 2254 502 2328 ]
524 2247 674 2313 Getarum
689 2247 852 2331 et‚Vlixen
871 2248 1000 2332 qnidam
1015 2249 1188 2332 opinantur
1205 2250 1302 2335 longo

156 2354 215 2417 illo
240 2358 272 2418 et
295 2355 442 2420 fabuloso
467 2376 573 2419 errorc
597 2355 630 2418 in
653 2354 738 2419 hunc
753 2354 917 2418 Oceanum
938 2354 1080 2419 delatum
1099 2356 1206 2420 adisse
1226 2355 1303 2420 Ger-

156 2461 283 2525 maniae
311 2464 427 2538 terras,
458 2461 781 2546 Asciburgiumque,'
798 2459 882 2544 quod
910 2460 945 2523 in
972 2462 1044 2543 ripa
1070 2461 1176 2526 Rheni
1204 2464 1302 2527 situm

154 2567 313 2650 hodieque
336 2567 509 2652 incolatur,
534 2568 651 2632 abillo
675 2567 889 2632 constitutum
912 2567 1186 2653 nominatumque.
1317 2594 1342 2633 1a

244 2672 344 2737 Aram
380 2675 456 2757 quin
490 2675 587 2738 etiam
621 2672 710 2738 Vlixi
743 2676 978 2757 consecratam,
1010 2673 1134 2739 adiecto
1167 2673 1302 2740 Laertae

154 2781 257 2863 patris
280 2780 423 2864 nomine,
450 2779 562 2845 eodem
585 2781 656 2844 loco
681 2780 758 2844 olim
780 2784 951 2863 repertam,
974 2786 1246 2866 monumentaque
1270 2787 1303 2847 et

155 2887 298 2950 tumulos
327 2887 485 2969 quosdam
509 2884 640 2950 Graecis
664 2887 783 2950 litteris
808 2886 980 2968 inscriptos
1004 2887 1038 2950 in
1061 2888 1199 2952 confinio
1224 2887 1302 2953 Ger-

156 2994 282 3057 maniae
306 2992 502 3076 Raetiaeque
526 2992 631 3057 adhuc
655 2997 773 3057 extare.
810 3014 891 3076 quae
913 3012 1015 3074 neque
1039 2993 1228 3058 confirmare
1252 3018 1300 3060 ar·
1315 3021 1341 3061 re

157 3099 318 3181 gumentis
342 3120 445 3182 neque
469 3099 672 3191 refellerem
696 3099 804 3164 animo
828 3101 891 3163 cst:
917 3121 955 3163 cx
978 3100 1109 3183 ingenio
1134 3123 1192 3166 suo
1216 3102 1299 3184 quis·

227 3346 389 3401 latrina
434 3347 490 3400 tres
514 3350 560 3416 ny
591 3347 600 3415 l]
633 3352 673 3399 13.
698 3344 867 3414 ingaeuones
890 3350 916 3398 H
960 3346 1113 3414 ingeuones
1137 3363 1158 3398 α
1204 3345 1300 3415 ingae·

154 3424 281 3473 nonest
327 3416 497 3488 ingvenones
522 3423 549 3487 S,
595 3418 748 3485 ingenoues
770 3421 797 3468 Μ
828 3418 838 3486 ΙΙ
869 3417 1044 3471 herminones
1068 3421 1132 3486 Hya
1176 3416 1298 3472 hermio-

153 3507 202 3544 nes
226 3485 254 3541 A·
289 3490 298 3557 ΙΙ
330 3488 489 3543 istaeuones
512 3484 567 3541 ΗΚ
611 3487 750 3542 isteuones
775 3505 793 3541 a
829 3488 1027 3543 istaenoness
1063 3487 1205 3542 isrenones
1228 3493 1255 3540 Μ
1297 3489 1300 3560 ]

156 3568 196 3615 14,
216 3560 303 3630 pluris
322 3558 351 3612 A'
390 3559 484 3629 plures
502 3563 566 3628 Hya
597 3561 607 3628 ΙΙ
639 3550 795 3613 deo‘Haar.
816 3576 857 3627 γα
903 3558 937 3613 de
962 3575 994 3613 eo
1017 3563 1043 3611 Η
1073 3560 1083 3628 ΙΙ
1116 3564 1156 3614 15.
1181 3559 1286 3613 Marsos

154 3631 324 3685 marsossis
355 3632 364 3700 ΙΙ
396 3629 568 3700 gambriuios
587 3648 608 3683 α
644 3629 812 3704 gambruuos
835 3634 861 3682 Η
902 3632 1070 3699 gambrunos
1094 3634 1121 3681 Μ
1157 3630 1299 3698 gambrios

155 3709 170 3754 s
202 3704 211 3771 ΙΙ
243 3718 342 3755 sueuos
365 3699 419 3770 yA'
458 3701 562 3756 suetios
585 3719 606 3754 α
637 3703 647 3785 ]]
679 3700 817 3754 uandilios
836 3698 901 3752 Μ’
940 3700 1117 3756 wandilioss
1154 3700 1298 3755 uandileos

154 3778 240 3830 Haar.
282 3772 418 3827 nandalos
437 3777 463 3825 H
493 3773 503 3841 ]
537 3772 721 3827 laeditur!
751 3773 761 3842 l]
794 3777 834 3825 18.
855 3773 950 3841 tungri
967 3791 988 3825 α
1025 3771 1163 3841 tinigris,
1203 3771 1298 3841 t]mgri

155 3850 170 3896 s
215 3843 328 3913 tungari
350 3849 377 3896 Μ
413 3845 422 3911 ΙΙ
456 3850 497 3898 19.
521 3843 577 3897 sint
598 3841 655 3895 Μ’
703 3849 766 3897 sunt
788 3848 850 3896 Esa
886 3845 895 3911 l]
931 3850 972 3897 20.
997 3844 1026 3896 et
1048 3847 1111 3911 Hya
1158 3841 1243 3896 etiam
1266 3842 1296 3894 A'

225 3917 255 3968 3.
275 3921 300 3968 4,
315 3914 428 3968 barditu
438 3911 487 3983 μ’
508 3914 600 3969 baritir
614 3919 658 3968 Ha
672 3916 681 3984 ΙΙ
696 3922 719 3969 7.
739 3914 870 3967 uidentur
880 3919 954 3966 Elia
974 3913 1110 3974 uideturs
1125 3914 1135 3981 ΙΙ
1149 3919 1173 3967 9.
1183 3912 1297 3984 Vlixen]

125 4043 130 4048 .
155 3987 297 4055 ulyxenA
333 3985 436 4040 vlixem
460 4003 478 4040 a
500 3987 509 4054 ΙΙ
534 3991 574 4042 12.
594 3984 798 4040 incolaturlffl
826 3985 957 4038 incolitur
971 3990 1005 4038 Sa
1032 3986 1041 4053 ΙΙ
1067 3985 1296 4053 nominatumque

155 4063 190 4110 sa
217 4056 447 4125 nominatumque
471 4062 533 4111 arete
557 4058 685 4111 lucanam
705 4061 757 4109 ΗΜ
793 4055 1021 4123 nominatumque
1046 4059 1259 4122 αεκιπυργιονΔ
1287 4055 1296 4124 ]

156 4135 187 4182 13
204 4127 291 4198 Vlixi]
325 4126 403 4197 ulyxi
417 4125 446 4179 A'
467 4128 541 4182 vlixe
556 4147 574 4181 a
599 4130 610 4198 ]
638 4134 679 4182 14.
694 4126 845 4197 repertam]
861 4128 970 4194 reperta
984 4131 1041 4195 11,y
1067 4128 1076 4194 Η
1105 4128 1295 4180 monumenta-

156 4216 210 4268 que
229 4216 267 4266 γα
312 4197 538 4267 monimentaque
556 4204 605 4251 HA
636 4201 646 4267 ΙΙ
679 4206 790 4253 15-16.
811 4197 974 4251 Germaniae
994 4197 1178 4268 Raetiaeque]
1204 4196 1295 4252 raeeie

155 4268 299 4342 germanie
319 4286 371 4338 que
391 4274 416 4322 11
447 4271 457 4338 ΙΙ
490 4275 530 4324 16.
550 4270 620 4343 nptiq
639 4275 662 4322 A
698 4269 769 4325 retie
789 4288 807 4323 a
842 4268 953 4339 reeiey
