2940 4904
625 232 836 296 .-13-

159 391 283 473 primus
308 391 392 474 apud
415 389 596 474 prinoipem
622 412 716 455 suum
738 391 842 474 locus,
866 394 898 455 et
920 391 1115 475 principum,
1138 392 1214 470 leui
1236 394 1305 476 plu-

158 498 234 561 rimi
262 501 295 562 et
323 480 470 562 acerrimi
499 498 642 561 comites,
679 497 759 561 haec
788 496 944 582 dignitas,
971 498 1033 563 hae
1061 499 1161 583 uires,
1189 519 1306 584 magno

156 626 284 688 semper
308 605 483 669 electorum
506 604 659 667 iuuenum
685 603 783 687 globo
807 604 1015 688 circumdari,
1039 606 1073 669 in
1096 627 1175 689 pace
1200 607 1306 690 decus,
1321 636 1346 674 rc

155 710 190 773 in
212 711 300 775 bello
323 711 528 794 praesidium.

244 817 313 883 Nec
333 819 438 883 solum
462 818 496 881 in
515 840 575 881 sua
598 820 693 902 gente
713 817 840 902 cuique,
864 818 920 882 sed
939 818 1026 901 apud
1048 819 1203 884 finitimas
1228 841 1304 903 quo-

157 945 216 1007 que
240 925 392 989 ciuitates
416 923 450 987 id
472 945 606 1007 nomen,
634 945 673 988 ea
696 924 801 1009 gloria
826 927 888 1008 est,
913 925 940 989 si
964 947 1099 990 numero
1124 947 1161 990 ac
1184 926 1305 991 uirtute

154 1031 325 1095 comitatus
351 1031 498 1094 emineat.
1318 1062 1344 1103 20

242 1138 451 1220 Expetuntur
473 1137 559 1203 enim
583 1137 799 1221 legationibus
823 1141 856 1201 et
879 1138 1066 1203 muneribus
1092 1141 1248 1203 ornantur
1271 1142 1305 1203 et

155 1244 228 1326 ipsa
250 1225 441 1327 plerumque
462 1243 551 1308 lama
573 1244 661 1309 bella
682 1246 868 1329 profligant.
918 1247 968 1311 14.
1005 1244 1086 1310 Cum
1114 1250 1246 1310 uentum
1270 1246 1304 1309 in

156 1350 272 1431 aciem,
295 1352 387 1431 turpe
411 1351 552 1434 principi
574 1352 696 1415 uirtute
718 1352 815 1435 uinci,
837 1354 932 1435 turpe
955 1353 1125 1418 comitatui
1148 1344 1317 1416 uirtutem

153 1456 310 1539 principis
333 1478 399 1521 non
423 1456 611 1541 adaequare.
632 1456 727 1537 llam
745 1480 822 1523 uero
846 1458 968 1522 infame
990 1458 1025 1522 in
1048 1480 1177 1524 omnem
1199 1458 1302 1523 uitam

152 1585 189 1627 ac
217 1563 410 1647 probrosum
439 1564 647 1648 superstitem
680 1565 820 1649 principi
854 1586 912 1629 suo
946 1586 984 1628 ex
1018 1564 1085 1629 acie
1117 1565 1329 1633 recessissem

151 1670 244 1733 illum
274 1669 459 1754 defendere,
491 1671 589 1754 tueri,
618 1693 677 1737 sua
705 1693 831 1756 quoque
854 1671 954 1736 fortia
975 1671 1064 1736 facta
1087 1672 1210 1757 gloriae
1233 1672 1301 1737 eius

153 1777 324 1861 adsignare
346 1777 558 1868 praecipuum
582 1782 820 1844 sacramentum
849 1781 906 1843 est.
970 1869 972 1874 .

240 1882 405 1968 Principes
429 1905 489 1967 pro
512 1883 651 1949 uictoria
672 1886 833 1968 pugnant,
857 1884 990 1949 comites
1012 1906 1071 1969 pro
1094 1886 1249 1971 principe.

239 1987 427 2073 Sioiuitas,
451 1990 486 2053 in
510 2011 573 2074 qua
591 1990 656 2055 orti
675 1994 765 2075 sunt,
788 1991 888 2077 longa
910 2012 990 2074 pace
1013 1994 1047 2056 et
1069 1991 1137 2057 otio
1160 1996 1325 2078 torpeat‚s

148 2097 292 2181 plerique
319 2097 480 2162 nobilium
510 2097 764 2170 adulescentium
794 2101 909 2182 petunt
935 2099 1020 2164 ultro
1053 2119 1107 2162 eas
1139 2099 1299 2184 nationes,

149 2226 231 2288 quae
254 2208 325 2292 tum
344 2204 466 2268 bellum
490 2203 622 2288 aliquod
640 2207 771 2289 gerunt,
795 2204 872 2288 quia
890 2206 923 2268 et
946 2205 1076 2290 ingrata
1099 2206 1189 2291 genti
1208 2207 1298 2290 quies

150 2313 182 2373 et
210 2310 338 2375 facilius
366 2311 451 2375 inter
479 2310 634 2394 ancipitia
661 2310 843 2376 clarescunt
868 2331 1086 2397 magnumque
1110 2312 1298 2377 comitatum

149 2437 215 2480 non
234 2417 297 2481 nisi
317 2416 349 2481 ui
368 2418 518 2502 belloque
536 2421 655 2483 tueare.
675 2419 681 2497 Ι
700 2416 848 2504 Exigunt
867 2418 953 2483 enim
971 2417 1127 2501 principis
1147 2420 1196 2482 sui
1218 2418 1337 2483 libe-12

148 2524 279 2589 ralitate
298 2525 391 2589 illum
410 2525 600 2591 bellatorem
619 2547 750 2610 equom,
772 2525 864 2590 illam
883 2526 1050 2591 cruentam
1069 2524 1297 2608 uictricemque

148 2629 314 2698 frameam.
354 2654 431 2697 nam
455 2632 568 2716 epulae
585 2635 637 2723 ¹et,
667 2652 864 2715 quamquam
888 2631 1058 2714 incompti,
1082 2631 1166 2715 largi
1189 2634 1298 2694 tamen

139 2741 323 2820 'apparatus
357 2760 416 2822 pro
446 2738 608 2822 stipendio
638 2739 769 2821 cedunt,
801 2739 937 2802 materia
968 2736 1208 2801 immificentiae
1240 2759 1297 2820 per

111 2889 116 2900 .
148 2844 234 2907 bella
257 2845 290 2907 et
312 2846 434 2926 raptus.
470 2865 530 2910 nec
550 2866 641 2909 arare
664 2849 787 2908 terram
811 2847 867 2907 aut
890 2845 1060 2926 expectare
1084 2865 1204 2908 annum
1226 2847 1296 2908 tam
1311 2873 1335 2912 ro

146 2949 241 3029 facile
273 2951 473 3034 persuaseris
508 2973 605 3035 quam
637 2972 754 3015 uocare
783 2949 911 3014 hostem
944 2951 976 3012 et
1007 2949 1143 3013 uolnera
1170 2948 1297 3022 mereri,

147 3059 276 3143 pigrum
304 3057 382 3143 quin
409 3058 508 3124 immo
538 3061 571 3123 et
598 3058 684 3122 iners
712 3057 842 3122 uidetur
870 3056 987 3122 sudore
1016 3055 1182 3139 adquirere
1211 3056 1296 3140 quod

147 3165 252 3246 possis
277 3166 434 3251 sanguine
453 3187 578 3249 parare.
604 3165 608 3248 Ι
643 3163 692 3229 15.
720 3163 876 3240 Quotiens
896 3164 982 3228 bella
998 3184 1065 3228 non
1087 3163 1207 3246 ineunt,
1230 3185 1296 3227 non

147 3272 285 3336 multum
312 3272 500 3356 uenatibus,
527 3272 600 3354 plus
628 3292 686 3355 per
714 3270 817 3334 otium
844 3270 1030 3355 transigunt
1054 3269 1155 3334 dediti
1179 3291 1294 3334 somno

145 3377 294 3464 ciboque;
318 3377 518 3443 fortissimus
543 3377 678 3462 quisque
703 3398 740 3441 ac
759 3376 1025 3442 bellicosissimus
1048 3376 1130 3440 nihil
1155 3397 1268 3461 agens,
1286 3373 1295 3463 ΙΙ

145 3483 295 3570 delegata
323 3484 437 3551 domus
467 3488 501 3549 et
526 3483 692 3568 penatium
721 3487 754 3548 et
782 3504 935 3568 agrorum
963 3504 1040 3548 cura
1057 3482 1187 3547 leminis
1212 3483 1321 3549 seni-4

144 3589 269 3675 busque
288 3593 321 3654 et
343 3591 566 3656 infirmissimo
585 3591 701 3676 cuique
721 3613 759 3656 ex
783 3590 922 3674 familia3
942 3587 951 3677 ΙΙ
969 3590 1032 3673 ipsi
1055 3589 1191 3672 hebent·
1211 3589 1295 3653 mira

217 3843 260 3891 14.
283 3835 441 3907 principum
464 3840 530 3892 Eua
571 3836 741 3907 principium
764 3842 851 3892 fluor.
875 3840 902 3888 u
933 3837 944 3905 ΙΙ
977 3840 1018 3903 15.
1040 3840 1103 3903 post
1125 3834 1199 3888 vires
1221 3849 1292 3903 pun·

146 3912 218 3962 naun
236 3912 262 3961 Η

214 3981 260 4032 14.
298 3986 323 4034 3.
348 3978 452 4034 infame
476 3979 517 4051 in]
541 3979 675 4035 infamem
693 3984 748 4051 ¹11⁵
779 3980 789 4048 ΙΙ
821 3984 846 4034 4.
872 3974 1051 4046 superstitem
1075 3975 1208 4048 principi]
1229 3993 1291 4047 sup·

144 4049 218 4104 stite
235 4050 361 4119 principe
380 4055 405 4103 Η
436 4051 446 4119 ΙΙ
477 4057 500 4105 5.
525 4051 584 4106 eius
602 4054 666 4121 Hya
702 4050 758 4119 {A
789 4050 799 4118 ΙΙ
831 4057 855 4104 9.
880 4047 1102 4102 adulescentium
1119 4048 1292 4102 Harlee'anas

145 4120 365 4176 adolescentium
383 4120 438 4175 ΗΚ
477 4121 700 4177 adolesceucium
719 4127 746 4175 Μ
783 4119 992 4176 adelescdcius
1029 4119 1210 4174 adolescenti]
1229 4135 1247 4172 a
1282 4117 1291 4188 ΙΙ

147 4197 187 4246 12.
206 4193 302 4246 tueare
321 4197 388 4263 Hya
424 4195 538 4248 tuentur
556 4189 585 4246 A'
611 4194 621 4263 ΙΙ
647 4191 781 4263 principis
800 4209 842 4261 γα
879 4189 1019 4261 principes
1038 4195 1063 4243 Η
1089 4192 1100 4260 ΙΙ
1128 4196 1169 4243 13.
1190 4205 1290 4256 equom

143 4268 170 4316 Π
207 4280 310 4332 equum
328 4267 393 4318 Ηβα
425 4265 435 4333 ΙΙ
468 4271 509 4320 17.
529 4265 646 4320 uolnera
663 4269 686 4316 Δ
723 4264 839 4318 vulnera
858 4267 915 4317 cett.

214 4335 260 4388 15.
298 4339 323 4390 b.
341 4335 447 4390 hebent
466 4340 505 4388 u
542 4336 626 4390 ebent
644 4340 669 4388 Η
704 4333 793 4390 habet
811 4341 838 4389 Η
875 4335 1042 4388 habitante
