2940 4904
622 225 839 289 ..23-

158 387 258 452 suarii
286 386 420 452 cludunt
452 385 598 469 aliaeque
632 386 745 470 gentes
772 383 851 447 haut
877 383 1009 467 perinde
1043 386 1254 468 memoratae,
1287 407 1306 449 a

159 494 263 558 fronte
292 492 377 557 Frisi
407 493 580 576 excipiunt.
617 490 794 555 maioribus
824 491 1065 574 minoribusque
1088 490 1188 556 Frisis
1212 514 1305 558 uoca-

159 602 270 666 bulum
295 604 345 664 est
364 623 402 664 ex
420 599 516 663 modo
536 598 664 663 uirium.
698 602 851 682 utraeque
869 599 1020 663 nationes
1039 621 1140 684 usque
1155 599 1195 663 ad
1210 598 1333 667 Ocea-r

158 731 235 772 num
249 706 363 773 Rheno
380 709 611 791 praetexuntur
631 706 838 790 ambiuntque
858 706 1023 771 inmensos
1040 704 1052 789 11
1069 705 1201 789 insuper
1217 706 1306 772 lacus

159 820 192 882 et
214 814 372 881 Romanis
396 813 555 879 classibus
578 813 762 898 nauigatos.
799 813 905 896 ipsum
928 811 1122 896 quinetiam
1142 810 1305 879 Oceanum

159 923 217 988 illa
235 920 481 1005 temptauimus,
505 923 538 984 ot
556 940 722 1003 superesse
742 918 846 984 adhuc
860 918 1009 983 Herculis
1029 919 1195 984 columnas
1217 919 1306 984 fama

159 1028 319 1114 uolgauit,
343 1029 413 1092 siue
432 1026 512 1090 adiit
526 1026 695 1109 Hercules,
719 1048 774 1090 seu
794 1025 946 1110 quicquid
965 1025 1084 1111 ubique
1098 1025 1332 1110 magnificums

160 1139 222 1220 est,
250 1136 284 1200 in
312 1134 495 1200 claritatem
524 1133 593 1197 eius
621 1133 740 1197 referre
770 1132 1000 1197 consensimus.
1036 1153 1094 1196 nec
1122 1131 1224 1197 defuit
1252 1155 1304 1199 au-

160 1244 268 1309 dentia
296 1242 402 1307 Druso
427 1239 635 1305 Germanico:
670 1239 726 1304 sed
755 1239 886 1305 obstitit
914 1220 1061 1304 Oceanus
1090 1239 1124 1303 in
1151 1260 1185 1303 se
1203 1239 1306 1306 simul

149 1354 256 1436 atque
275 1350 309 1414 iu
324 1348 498 1413 Herculem
517 1347 644 1431 inquiri.
678 1369 752 1429 mox
771 1368 866 1411 nemo
891 1346 1077 1430 temptauit,
1101 1345 1306 1431 sanctiusque

159 1480 196 1523 ao
219 1455 417 1521 reuerentius
442 1455 549 1519 uisum
573 1454 612 1518 de
636 1453 716 1518 actis
741 1452 874 1518 deorum
899 1451 1026 1517 credere
1050 1474 1147 1538 quam
1171 1453 1261 1519 scire.
1321 1483 1345 1522 11

248 1563 299 1628 35.
341 1561 505 1627 Hactenus
533 1561 567 1625 in
599 1560 799 1625 occidentem
827 1557 1036 1624 Germaniam
1067 1560 1226 1624 nouimus.
1270 1560 1305 1625 in

159 1669 411 1753 septentrionem
429 1668 553 1752 ingenti
571 1667 656 1731 flexu
670 1666 762 1731 redit.
800 1689 836 1731 ac
851 1667 956 1750 primo
973 1667 1084 1731 statim
1100 1665 1302 1732 Chaucorum

161 1797 253 1861 gens,
281 1797 474 1860 quamquam
499 1774 634 1857 incipiat
658 1795 677 1837 a
698 1771 798 1837 Frisis
822 1794 859 1837 ac
882 1776 1007 1856 partem
1031 1773 1137 1839 litoris
1161 1778 1303 1858 occupet,

159 1882 300 1946 omnium
325 1902 405 1964 quas
424 1880 560 1963 exposui
583 1881 730 1964 gentium
753 1880 909 1944 lateribus
929 1878 1128 1964 obtenditur,
1152 1880 1251 1945 donec
1270 1880 1332 1949 ins

158 1986 295 2054 Chattos
319 2009 420 2072 usque
445 1987 597 2052 sinuetur.
629 1987 633 2070 1
664 1986 746 2050 Tam
774 1986 955 2051 inmensum
979 1990 1138 2051 terrarum
1162 1986 1303 2070 spatium

158 2116 224 2158 nou
250 2097 363 2158 tenent
394 2096 524 2158 tantum
552 2091 687 2177 Chauci,
720 2093 776 2157 sed
808 2096 841 2156 et
868 2093 1018 2177 implent,
1050 2095 1189 2177 populus
1220 2094 1304 2157 inter

158 2198 336 2265 Germanos
368 2201 603 2284 nobilissimus,
636 2200 754 2284 quique
786 2198 1045 2284 magnitudinem
1083 2222 1175 2263 suam
1211 2200 1305 2263 malit

159 2306 286 2370 iustitia
300 2307 400 2373 tueri.
437 2307 507 2372 sine
526 2306 715 2390 cupiditate,
739 2306 807 2370 siue
827 2306 1031 2391 impotentia,
1055 2306 1155 2391 quieti
1175 2307 1330 2377 secreti-s

160 2435 219 2498 que
243 2412 332 2478 nulla
345 2417 524 2497 prouocant
551 2413 646 2498 bella,
668 2412 767 2477 nullis
791 2395 940 2496 raptibus
965 2417 1020 2478 aut
1043 2413 1224 2478 latrociniis
1247 2432 1303 2498 po·

156 2521 320 2605 palantur.
354 2520 388 2584 id
411 2520 619 2605 praecipuum
641 2519 773 2584 uirtutis
793 2542 830 2584 ac
853 2520 970 2585 uirium
995 2524 1221 2605 argumentum
1245 2525 1303 2601 est,

157 2627 255 2711 quod,
286 2631 324 2691 ut
356 2627 536 2711 superiores
571 2630 683 2712 agant,
719 2649 787 2691 non
818 2648 876 2712 per
908 2626 1040 2692 iniurias
1074 2632 1302 2714 assequuntur,

157 2735 309 2816 prompta
335 2736 450 2810 tamen¹
469 2733 619 2798 omnibus
647 2756 737 2797 arma
766 2755 816 2818 ac,
845 2734 873 2797 si
901 2756 952 2798 res
981 2737 1107 2819 poscat,
1136 2736 1302 2822 exercitae,
1318 2772 1343 2811 12

157 2839 331 2922 plurimum
349 2826 493 2905 uirorum
513 2861 744 2924 equorumque,
769 2844 801 2903 et
820 2841 1057 2924 quiescentibus
1077 2841 1188 2905 eadem
1207 2842 1303 2909 lama.

244 2946 295 3012 36.
328 2946 368 3011 ln
386 2947 486 3011 latere
502 2944 706 3011 Chaucorum
721 2945 976 3031 Chattorumque
997 2945 1149 3012 Cherusci
1168 2948 1302 3014 nimiam

155 3074 192 3117 ac
216 3056 412 3118 marcentem
437 3052 491 3117 diu
513 3075 627 3137 pacem
651 3053 829 3118 inlacessiti
851 3052 1049 3118 nutrierunt:
1073 3053 1169 3138 idque
1193 3055 1301 3121 iucun-

155 3159 225 3224 dius
250 3181 347 3243 quam
370 3160 473 3225 tutius
496 3159 572 3245 fuit,
602 3160 677 3244 quia
700 3160 785 3224 inter
810 3160 988 3244 inpotentis
1013 3165 1045 3225 et
1069 3161 1194 3227 ualidos
1218 3162 1302 3228 falso

156 3267 317 3350 quiescas:
343 3267 399 3330 ubi
422 3255 520 3331 mariu
539 3267 659 3352 agitur,
683 3267 842 3331 modestia
866 3290 903 3332 ac
926 3269 1073 3351 probitas
1097 3269 1226 3333 11111111
1250 3293 1329 3345 su-,2

154 3373 297 3455 periores
332 3376 417 3437 sunt.
459 3374 506 3438 ita
538 3374 593 3458 qui
621 3374 699 3439 olim
728 3373 804 3438 boni
834 3374 990 3460 aequique
1018 3373 1185 3458 Cherusci,
1218 3397 1301 3440 nunc

226 3572 250 3619 2.
267 3565 472 3619 cluduntlffla
511 3566 660 3621 clauduts
687 3569 696 3637 11
723 3567 798 3621 haud
813 3567 889 3622 codd.
916 3568 926 3636 11
954 3573 977 3621 3.
998 3566 1125 3621 frisilffl
1156 3566 1302 3638 1111111

154 3636 228 3691 frisia
247 3641 316 3707 ΗγΔ
352 3636 420 3706 frisy'
442 3655 460 3691 a
491 3638 500 3708 11
519 3643 557 3719 Ι8.
577 3638 705 3706 uolgauit
722 3642 745 3689 Δ
782 3638 912 3720 uulgauit
929 3643 993 3709 Hya
1023 3640 1032 3708 11
1064 3639 1243 3710 magnificum
1257 3645 1302 3711 Hy

153 3724 286 3833 maddi?
306 3708 882 3868 11ρὲ0131111131011111Ἢ
899 3715 1007 3836 Erae
1025 3786 1053 3833 a
1098 3781 1256 3836 11111

154 3857 179 3906 4.
204 3850 365 3905 obtenditur
388 3847 469 3904 ω’
499 3851 653 3920 ⁶obtendit
679 3857 706 3905 Η
746 3853 755 3920 11
797 3856 821 3904 o.
851 3851 962 3905 chattos
984 3847 1042 3919 yN'
1096 3852 1199 3906 chattis
1231 3856 1257 3905 Η

154 3921 279 3976 sinuetur
297 3926 364 3992 Hya
402 3922 509 3976 sinatur
527 3927 614 3977 liuor.
654 3922 664 3990 11
702 3924 760 3977 tam
783 3925 847 3992 Hya
887 3939 951 3976 nam
975 3919 1004 3975 ι’
1038 3924 1048 3992 11
1085 3930 1108 3977 6.
1135 3923 1234 3978 chauci
1257 3928 1302 3994 Hy

156 3991 235 4046 chaci
262 3997 285 4045 Δ
330 3993 426 4048 chauti
445 4012 462 4047 a
500 3993 511 4061 11
552 3999 575 4049 7.
605 3992 686 4047 malit
708 3997 776 4063 Hya
830 3993 931 4047 maluit
953 3989 983 4046 ι’
1023 3995 1032 4063 11
1073 3999 1112 4048 11.
1142 3997 1229 4064 agant
1253 3999 1301 4048 Ηα

155 4063 280 4188 aguntii:
317 4143 339 4190 1.
360 4136 526 4191 chaucorum
545 4139 611 4190 Esca
648 4135 776 4203 chancoal
794 4142 821 4190 Μ
860 4135 870 4204 11
910 4141 934 4190 2.
954 4135 1100 4191 iucundius
1119 4141 1180 4191 Hbc
1207 4135 1300 4191 iocun-

155 4204 218 4287 dius
241 4211 292 4259 ΜΔ
326 4209 337 4277 11
377 4213 401 4260 3.
420 4214 433 4260 t
451 4207 574 4290 potentis
592 4208 620 4260 A
665 4205 835 4275 impotentes
858 4211 973 4288 §Isocra
995 4225 1013 4262 a
1036 4209 1217 4291 ¹uapotentas
1241 4211 1298 4289 flpr.

154 4277 368 4416 lattebah
390 4277 598 4415 'laularetur
618 4278 889 4420 1311111111Ιθ
909 4297 931 4333 ⁰⁶
967 4295 1079 4335 ¹²⁰m¹¹¹⁰
1097 4283 1142 4348 ³⁷
1188 4293 1300 4334 mmm*
