2940 4904
643 224 859 285 ‚12-

270 382 442 447 Silentium
465 405 523 466 per
547 381 743 464 sacerdotes,
772 382 889 466 quibus
914 384 984 444 tum
1008 384 1041 444 et
1063 381 1252 447 cohercendi
1275 384 1327 447 ius
1344 405 1372 442 12

180 492 243 573 est,
271 491 456 573 imperatur.
498 512 572 554 mcx
600 511 656 553 rex
684 489 736 553 uel
763 489 926 572 princeps,
954 492 1052 572 prout
1079 491 1169 553 aetas
1202 491 1328 576 cuique,

178 599 276 680 prout
307 597 477 680 nobilitas,
509 598 607 680 prout
641 595 737 660 decus
766 595 938 678 bellorum,
966 598 1064 679 prout
1089 595 1239 661 facundia
1267 602 1328 683 est,

180 702 367 784 audiuntur,
387 703 579 767 auctoritate
599 702 754 766 suadendi
769 702 873 786 magis
890 723 986 786 quam
1004 702 1135 767 iubendi
1154 708 1326 785 potestate.

181 809 208 872 si
231 809 396 891 displicuit
418 811 593 893 sententia,
621 810 752 873 fremitu
777 811 1004 895 aspernantur3
1032 810 1082 873 sin
1104 810 1240 895 placuit,
1262 812 1325 878 fra-
1343 832 1371 872 16

179 937 268 979 meas
292 917 493 980 concutiunt:
519 920 523 994 Ι
548 917 836 981 honoratissimum
856 937 1006 981 assensus
1030 937 1131 1001 genus
1153 921 1203 980 est
1226 919 1326 983 armis

179 1019 320 1103 laudare.
346 1027 350 1102 1
379 1024 429 1087 12.
461 1023 552 1088 Licet
578 1022 664 1106 apud
688 1021 859 1086 concilium
883 1043 1034 1086 accusare
1058 1045 1184 1107 quoque
1207 1026 1240 1086 et
1263 1024 1325 1088 dis-

180 1129 301 1194 crimen
329 1129 445 1213 capitis
473 1129 648 1193 intendere.
690 1129 856 1194 distinctio
886 1151 1064 1213 poenarum
1092 1153 1130 1194 ex
1162 1130 1289 1196 delicte.
1318 1116 1323 1208 l

178 1237 361 1320 proditores
390 1242 423 1301 et
450 1237 637 1321 transfugas
667 1237 835 1301 arboribus
860 1237 1073 1320 suspendunt,
1099 1240 1103 1316 l
1127 1237 1264 1322 ignauos
1292 1243 1326 1303 et

178 1344 314 1408 inbelles
338 1348 371 1407 et
394 1366 533 1436 corpore.
549 1343 686 1408 infames
711 1364 811 1409 caeno
835 1365 873 1407 ac
896 1342 1027 1425 palude,
1050 1343 1169 1408 iniecta
1192 1345 1354 1427 insuper4

179 1453 280 1533 crate,
308 1454 467 1534 mergunt.
509 1449 679 1513 diuersitas
709 1449 859 1532 supplicii
888 1449 964 1513 illuc
987 1449 1132 1534 respicit,
1155 1453 1322 1534 tamquam

179 1560 300 1622 scelera
328 1559 454 1623 ostendi
483 1560 645 1642 oporteat,
678 1556 754 1620 dum
782 1558 973 1641 puniuntur,
1004 1556 1130 1641 flagitia
1157 1558 1322 1622 abscondi.

268 1665 330 1730 Sed
358 1670 392 1730 et
413 1666 592 1730 leuioribus
616 1664 739 1728 delictis
762 1686 821 1747 pro
846 1664 942 1728 modo
965 1685 1143 1747 poenarum
1166 1686 1322 1747 equorum

176 1794 390 1856 pecorumque
410 1789 544 1836 numero
564 1771 705 1836 conuicti
723 1773 912 1836 multantur.
949 1794 1025 1854 pars
1044 1772 1163 1836 multae
1182 1773 1251 1856 regi
1269 1774 1349 1836 uela

178 1879 317 1963 ciuitati,
344 1901 420 1961 pars
449 1879 526 1962 ipsi,
555 1879 611 1963 qui
633 1876 831 1962 uindicatur,
854 1878 905 1941 uel
929 1878 1119 1961 propinquis
1143 1879 1211 1943 eius
1236 1881 1321 1944 exol-

178 1985 273 2049 uitur.
295 1991 299 2063 Ι
320 1985 483 2070 eliguntur
506 1986 540 2049 in
562 1985 667 2049 isdem
685 1984 837 2048 conciliis¹
851 1987 884 2048 et
901 1985 1078 2069 principes,
1101 1986 1156 2070 qui
1174 1987 1246 2050 iura
1263 2008 1321 2068 per

176 2112 278 2176 pagos
306 2092 458 2176 uicosque
486 2092 636 2174 reddunt,
669 2091 794 2156 centeni
823 2090 959 2175 singulis
987 2112 1025 2154 ex
1057 2092 1153 2174 plebe
1186 2093 1320 2156 comites

177 2199 348 2263 consilium
368 2199 464 2263 simul
483 2202 515 2263 et
535 2198 712 2264 auctoritas
733 2198 858 2262 adsunt.
897 2198 948 2262 13.
979 2197 1072 2263 Nihil
1092 2188 1201 2263 autem
1218 2221 1321 2283 neque

177 2306 325 2390 publicae
354 2327 457 2389 neque
489 2307 636 2390 priuatae
666 2306 712 2369 rei
740 2298 804 2369 nisi
836 2306 953 2369 armati
985 2310 1096 2391 agunt.
1142 2306 1198 2370 sed
1231 2328 1322 2370 arma

177 2434 301 2477 sumere
329 2434 396 2478 non
418 2417 498 2477 ante
527 2414 675 2496 cuiquam
704 2413 803 2476 moris
836 2435 934 2496 quam
966 2412 1081 2476 ciuitas
1115 2413 1321 2477 suffecturum
1428 2405 1434 2418 ’

175 2520 372 2603 probauerit.
413 2525 483 2585 tum
510 2521 545 2585 in
572 2521 645 2604 ipso
674 2520 810 2585 concilio
838 2520 891 2583 uel
919 2519 1100 2602 principum
1123 2519 1241 2601 aliquis
1267 2521 1348 2583 uel4

176 2630 269 2710 pater
291 2628 343 2692 uel
366 2628 568 2711 propinquus
592 2630 683 2692 scuto
706 2625 891 2709 frameaque
915 2626 1063 2690 iuuenem
1087 2627 1218 2688 ornant:
1241 2625 1320 2690 haec

175 2733 260 2816 apud
282 2733 358 2798 illos
382 2737 474 2817 foga,
498 2733 550 2797 hic
573 2734 696 2816 primus
715 2733 866 2796 iuuentae
885 2731 1002 2814 bon0s3
1026 2731 1184 2796 antehoc
1205 2732 1320 2797 domus
1370 2732 1372 2735 ’

173 2862 249 2923 pars
272 2840 434 2924 uidentur,
457 2864 532 2905 mox
554 2840 601 2904 rei
623 2841 779 2923 publicae.

264 2947 406 3032 insignis
434 2949 588 3027 nobilitas
618 2951 673 3011 aut
705 2968 824 3032 magna
855 2950 984 3029 patrum
1017 2944 1133 3009 merita
1164 2946 1347 3028 principiae

68 3058 73 3070 ¹
176 3052 397 3138 dignationem
421 3055 520 3119 etiam
544 3053 793 3118 adulescentulis
817 3053 998 3142 assignant:
1023 3053 1137 3117 ceteris
1160 3052 1319 3116 robustio-
1402 3062 1411 3073 '

174 3160 264 3224 ribus
294 3184 330 3225 ac
357 3161 549 3245 iampridem
576 3159 722 3243 probatis
752 3159 982 3244 adgregantur,
1014 3180 1074 3223 nec
1103 3159 1203 3226 rubor
1234 3159 1320 3223 inter

173 3267 307 3331 comites
331 3267 440 3351 aspici.

264 3373 390 3440 Gradus
422 3375 500 3458 quin
532 3374 631 3438 etiam
661 3374 731 3457 ipse
764 3373 935 3438 comitatus
968 3372 1069 3436 babet
1100 3374 1216 3438 iudicio
1250 3374 1319 3439 eius
1334 3392 1359 3432 12

177 3504 271 3564 quem
300 3485 477 3565 sectantur3
502 3484 506 3565 Ι
531 3502 711 3568 magnaque
740 3482 773 3544 ct
801 3480 955 3545 comitum
983 3481 1173 3565 aemulatio,
1202 3481 1319 3565 quibus

247 3681 287 3730 12.
307 3677 339 3728 tir
357 3679 469 3728 Hsscorr.
506 3675 538 3728 tn
557 3680 592 3729 sa
628 3675 722 3728 tamen
740 3667 797 3725 Μ’

243 3748 288 3798 12.
327 3751 351 3801 o.
372 3748 448 3800 crate
468 3763 489 3799 a
509 3751 536 3816 s,
573 3747 689 3815 grates
724 3745 835 3814 gratem
853 3749 880 3797 Μ
912 3745 941 3797 et
959 3747 1034 3800 crate
1053 3748 1079 3797 11
1101 3748 1111 3816 ΙΙ
1137 3746 1205 3800 illuc
1223 3749 1318 3802 Ecorr.

173 3822 223 3870 Ha
249 3818 320 3872 illud
334 3822 377 3869 Hs
399 3820 417 3887 lli
432 3823 456 3872 8.
476 3817 631 3871 multantur
649 3821 672 3868 Δ
708 3817 879 3871 mulctantur
897 3819 969 3871 Hillo
1005 3813 1160 3871 mcltants
1183 3819 1193 3887 ΙΙ
1214 3817 1339 3872 mulcta·

172 3882 264 3940 Htw
303 3891 426 3943 malles
453 3890 462 3958 ΙΙ
489 3894 514 3943 9.
533 3886 691 3943 uindicatur
708 3893 772 3958 Hya
807 3886 964 3942 uindicauit
981 3884 1010 3940 A'
1040 3889 1050 3956 ΙΙ
1078 3895 1119 3945 10.
1138 3889 1247 3943 hisdem
1266 3893 1319 3941 ΗΜ

172 3959 272 4012 iisdem
292 3965 349 4012 as
380 3961 390 4028 ΙΙ
423 3965 463 4013 12.
483 3960 584 4014 adsunt
601 3964 663 4014 Hbc
699 3960 796 4013 assunt
813 3963 840 4011 Η
876 3959 958 4030 adest
975 3961 1079 4014 adsunt
1096 3964 1119 4011 Δ

244 4050 289 4101 13.
327 4054 351 4104 4,
371 4049 431 4102 tum
450 4053 494 4103 Ha
530 4051 591 4102 tum
609 4051 676 4104 eutu
694 4054 721 4102 Η
758 4066 821 4104 cum
840 4045 885 4101 Μ’
920 4050 929 4118 Η
961 4049 1221 4123 5.ppinquus1m
1256 4066 1318 4118 pro·

174 4118 273 4188 pinqui
292 4125 331 4172 sa
363 4119 372 4187 ll
404 4125 428 4174 9.
449 4119 641 4188 dignationem
661 4126 706 4176 Ha
733 4120 934 4190 dignac‘oe'mss
962 4119 1161 4175 donacionem
1197 4120 1317 4190 dignita·

174 4194 232 4244 tem
250 4186 279 4242 A'
313 4192 323 4260 ΙΙ
354 4191 569 4244 adulescentulis
588 4193 691 4246 codices
708 4192 918 4247 Aroctdelc'aocs
936 4197 961 4246 et
978 4192 1164 4256 Harlciaccs,
1189 4193 1318 4247 editiones

174 4262 298 4316 Norimb.
313 4266 385 4316 1473
400 4261 540 4328 Erpbord.
555 4267 627 4317 1509
643 4263 722 4332 Lipa
735 4268 806 4318 1509
835 4262 1049 4318 adolescentulis
1064 4268 1121 4318 cett.
1144 4264 1155 4334 ΙΙ
1179 4269 1219 4317 10.
1234 4262 1318 4315 rubor

174 4337 222 4386 Ea
258 4335 376 4388 robors
413 4332 648 4388 roborationis
