2940 4904
605 236 821 301 -30-

140 399 238 463 etiam
258 399 404 463 uolucris
423 398 575 462 animalia
594 398 780 483 plerumque
800 398 1002 479 interlucent,
1023 417 1104 480 quae
1122 395 1291 478 implicata

139 528 251 571 amore
275 528 349 570 mox
373 505 562 569 durescente
586 505 724 569 materia
750 504 930 568 cluduntur.
976 502 1163 568 fecundiora
1189 502 1290 587 igitur

141 635 276 677 nemora
295 613 457 697 lucosque,
481 613 565 677 sicut
584 612 717 676 orientis
740 612 882 694 secretis,
904 610 960 674 ubi
982 612 1056 674 tura
1079 609 1290 692 balsamaque

117 718 311 802 sudantur,
345 719 393 782 ita
426 718 600 783 occidentis
628 718 742 783 insulis
774 717 932 801 terrisque
964 717 1070 780 inesse
1103 714 1290 779 crediderim
1304 741 1334 779 ss

141 847 223 909 quae
247 825 346 889 uicini
369 824 448 889 solis
472 824 571 889 radiis
596 847 748 908 expressa
767 828 862 907 atque
882 824 1037 906 liquentia
1055 823 1090 885 in
1108 821 1290 905 proximum

93 977 94 980 κ
142 954 231 996 mare
254 932 408 997 labuntur
432 954 469 996 ac
488 932 521 994 ui
544 934 774 1014 tempestatum
794 931 829 993 in
848 930 985 994 aduersa
1002 929 1101 994 litora
1119 926 1291 993 exundant.

142 1038 170 1101 si
196 1041 346 1101 naturam
376 1038 480 1102 sucini
509 1037 640 1102 admoto
667 1039 742 1122 igne
766 1041 918 1121 temptes,
950 1039 985 1100 in
1018 1035 1149 1101 modum
1176 1033 1291 1099 taedae

143 1144 328 1208 accenditur
352 1144 473 1229 alitque
496 1143 662 1209 flammam
684 1145 837 1229 pinguem
860 1147 893 1206 et
917 1144 1073 1228 olentem,
1099 1165 1173 1208 mox
1196 1146 1233 1206 ut
1255 1142 1290 1205 in
1304 1166 1332 1205 ss

142 1251 246 1334 picem
268 1251 450 1315 resinamue
474 1251 634 1315 lentescit.

232 1356 407 1421 Suionibus
432 1355 581 1422 Sitonum
609 1359 721 1442 gentes
750 1359 988 1422 continuantur.
1034 1360 1140 1421 cetera
1167 1355 1291 1420 similes

144 1485 207 1527 uno
227 1463 379 1527 differunt
397 1464 482 1547 quod
506 1462 629 1527 femina
648 1446 845 1528 dominaturi
868 1465 903 1528 in
925 1467 1054 1527 tantum
1072 1486 1139 1528 non
1157 1462 1254 1528 modo
1273 1485 1292 1527 a

143 1570 293 1634 libertate
318 1569 373 1634 sed
397 1570 495 1634 etiam
514 1592 537 1634 a
561 1570 718 1634 seruitute
742 1569 947 1655 degenerant.
978 1570 1031 1634 hic
1051 1568 1183 1635 Suebiae
1206 1569 1291 1634 finis.
1305 1591 1332 1631 ae

232 1677 284 1741 46.
321 1676 536 1741 Peucinorum
560 1676 847 1762 Venethorumque
875 1681 907 1741 et
929 1676 1113 1741 Fennorum
1140 1677 1292 1741 nationes

144 1771 315 1848 Germanis
339 1806 381 1846 an
405 1782 564 1848 Sarmatis
588 1783 770 1848 adscribam
794 1785 916 1868 dubito,
939 1805 1133 1866 quamquam
1152 1783 1292 1867 Peucini,

145 1911 224 1972 qnos
249 1890 382 1974 quidam
401 1889 578 1953 Bastarnas
598 1896 726 1974 uocant,
750 1912 898 1974 sermone
922 1891 1011 1955 cultu
1035 1890 1108 1954 sede
1132 1912 1168 1954 ac
1192 1890 1291 1954 domi-

145 1995 227 2058 ciliis
252 1999 289 2058 ut
307 1994 461 2060 Germani
485 1998 596 2079 agunt.
630 1994 739 2060 sordes
764 1998 908 2060 omnium
931 2019 968 2061 ac
991 2001 1105 2080 torpor
1122 2018 1317 2079 procerumr

144 2100 291 2165 conubiis
315 2101 434 2165 mixtos
458 2123 524 2166 non
547 2101 629 2165 nihil
657 2103 692 2165 in
720 2100 942 2166 Sarmatarum
974 2103 1121 2168 habitum
1153 2103 1292 2167 foedant.

68 2227 71 2231 ’
144 2207 286 2272 Venethi
309 2208 447 2290 multum
478 2229 516 2272 er
540 2209 684 2274 moribus
712 2213 888 2273 traxerunt.
934 2231 1009 2273 nam
1034 2209 1186 2294 quicquid
1208 2210 1293 2274 inter

147 2313 303 2378 Peucinos
323 2313 515 2397 Fennosque
535 2315 689 2379 siluarum
713 2339 749 2381 ac
772 2316 930 2384 montium
955 2318 1090 2400 erigitur
1112 2317 1293 2382 latrociniis

144 2423 327 2504 pererrant:
355 2420 391 2484 hi
413 2423 523 2484 tamen
545 2420 631 2485 inter
654 2421 833 2486 Germanos
862 2423 971 2505 potius
995 2422 1189 2508 referuntur,
1216 2424 1321 2508 quiae

145 2532 178 2592 et
201 2528 315 2593 domos
338 2528 465 2612 fingunt
494 2530 527 2591 ct
550 2532 641 2592 scuta
669 2532 799 2614 gestant
822 2532 855 2592 et
881 2529 1021 2613 pedalum
1044 2553 1105 2594 usu
1127 2552 1165 2594 ao
1186 2531 1294 2613 perni-

146 2634 244 2699 citate
268 2633 421 2719 gaudent,
445 2656 526 2717 quae
546 2634 655 2699 omnia
673 2633 802 2699 diuersa
821 2633 979 2700 Sarmatis
1000 2640 1077 2702 sunt
1094 2637 1129 2700 in
1147 2636 1294 2720 plaustro

146 2763 292 2825 equoque
316 2742 511 2806 uiuentibus.

235 2847 354 2913 Fennis
384 2849 466 2913 mira
493 2848 620 2938 feritas,
654 2849 749 2914 foeda
778 2834 965 2935 paupertas:
996 2875 1064 2919 non
1091 2871 1195 2934 arma,
1227 2873 1295 2917 non
1308 2871 1333 2911 12

217 3056 260 3104 21.
285 3050 423 3134 polueria]
452 3051 567 3105 voluora
590 3054 616 3102 Η
656 3053 665 3122 11
705 3058 748 3108 22.
772 3053 888 3108 humore
911 3055 987 3108 codd.
1028 3057 1038 3124 11
1079 3051 1229 3106 cluduntur
1252 3071 1302 3137 yoss

147 3121 280 3175 claudunt
311 3126 335 3173 Η
371 3123 381 3190 1
417 3128 458 3176 23.
482 3124 547 3175 tura
571 3138 592 3173 a
638 3124 722 3176 thura
744 3128 789 3192 Hy
820 3125 829 3193 11
860 3130 903 3178 24.
928 3125 1062 3179 sudantur
1084 3130 1145 3178 nso
1186 3123 1290 3178 fudant

146 3196 174 3243 Μ
209 3192 293 3245 sudat
311 3187 340 3242 A'
381 3195 391 3262 11
427 3199 469 3246 25.
488 3190 574 3246 radiis
593 3196 645 3245 ΗΜ
691 3194 784 3248 radius
807 3201 846 3248 Soc
877 3196 887 3264 1
919 3201 961 3249 26.
985 3213 1061 3251 mare
1083 3194 1229 3265 labuntur]
1253 3195 1295 3249 lae

145 3251 229 3316 bunt⁸
246 3279 323 3316 mare
345 3267 371 3315 Η
407 3265 417 3332 11
452 3264 482 3318 vi
505 3268 553 3317 Hoc
600 3265 630 3319 in
653 3267 692 3334 (m
715 3268 795 3335 my
830 3267 839 3336 11
874 3265 958 3320 litora
977 3272 1005 3319 Μ
1049 3268 1147 3321 littora
1168 3261 1250 3318 11ss
1286 3267 1295 3335 11

146 3339 188 3387 27.
214 3333 302 3387 sucini
320 3339 344 3386 A
385 3341 481 3400 suuis
522 3333 625 3389 succini
643 3341 688 3391 Eo
724 3341 791 3391 sucr'r
809 3342 837 3389 Μ
867 3339 877 3406 11
908 3336 973 3406 igne
992 3342 1037 3408 By
1077 3335 1178 3406 ignia
1208 3337 1218 3404 1
1249 3341 1292 3387 29.

145 3431 266 3511 resinam
286 3449 321 3485 ue
339 3450 381 3502 γα
418 3414 593 3501 resinamqrii
611 3437 637 3485 Η
668 3435 678 3502 11
709 3438 752 3486 30.
773 3432 922 3487 Suionibus
940 3429 994 3488 ΗΚ
1034 3432 1181 3490 Suionibus
1200 3449 1218 3485 o
1250 3429 1292 3484 Si-

145 3503 277 3566 nombqs
315 3501 491 3558 Smommbus
508 3508 536 3555 Μ
566 3505 576 3572 11
608 3507 706 3573 gentes
731 3503 928 3559 continuantur
945 3510 990 3576 Ηγ
1027 3522 1095 3574 gens
1115 3502 1293 3558 continuatur

147 3590 168 3625 α
199 3574 210 3642 11
241 3578 284 3626 31.
303 3573 435 3628 differunt
454 3580 493 3627 Βα
531 3573 697 3628 differuntur
714 3579 767 3627 ΗΜ
793 3577 803 3646 11
825 3582 867 3630 32.
887 3577 1059 3646 degenerant
1076 3581 1139 3644 Hya
1174 3573 1292 3641 degene-

145 3644 223 3697 ratur
241 3639 271 3695 A'
305 3644 315 3712 11
345 3644 439 3698 sueuie
457 3643 540 3697 ΗΒΓ
578 3643 667 3700 sitnia
685 3650 713 3697 Μ
743 3647 753 3716 11
785 3646 846 3701 finis
864 3647 1074 3704 Arwndclc'ancs
1092 3647 1159 3701 finos
1179 3647 1247 3713 Ηγα

216 3715 269 3766 46.
317 3720 340 3768 1.
368 3715 552 3770 Peucinorum
582 3721 634 3786 Spa
680 3717 805 3786 (Peucini
835 3723 860 3771 Η
889 3723 1034 3787 superscr.)
1085 3714 1240 3772 Peucinorir
1265 3719 1296 3767 Μ

145 3785 337 3839 Puutinon’rss
386 3787 574 3842 Peucurorum
593 3792 712 3859 Esqocr.
736 3784 829 3844 A'aar.
862 3790 871 3857 11
902 3791 1089 3859 ιιθηθῐὴοτιῑᾳ1
1107 3792 1156 3840 ΗΔ
1210 3802 1295 3840 uene-

145 3856 242 3924 torr'rqs
260 3874 296 3924 a,
313 3857 446 3912 venetorir
469 3877 497 3926 qq
515 3863 542 3910 Η
577 3862 746 3913 venetorr'rs
777 3861 787 3928 1
818 3859 965 3913 fennorum
984 3865 1049 3914 Hsa
1086 3859 1204 3915 fennou‘r
1222 3862 1250 3909 Μ
1286 3857 1296 3928 11

146 3932 172 3979 2.
191 3926 303 3994 peucini
316 3931 364 3979 Ηα
400 3927 513 3997 peucini
526 3934 554 3981 Μ
588 3929 724 3999 prutinis
746 3931 756 3999 ss
780 3936 805 3983 3.
825 3928 937 3999 quidem
953 3937 1047 4000 Rupe
1070 3931 1080 3999 11
1105 3937 1130 3984 4.
1146 3946 1179 3984 ac
1197 3930 1297 3996 torpor

147 4013 292 4065 procerum
307 4001 372 4050 Ηῦα
409 4002 488 4053 actor
506 4017 557 4068 pro
574 4001 578 4068 1
594 4016 740 4069 procerum
759 4006 787 4053 Μ
818 4002 828 4069 11
864 4008 888 4054 o.
909 4001 1054 4056 connubiis
1074 4002 1151 4056 codd.
1183 4001 1194 4069 11
1224 3999 1296 4052 mix-

145 4062 291 4150 10211112Η
325 4068 335 4136 1
366 4067 481 4124 foedant
498 4071 618 4139 Ruperti
657 4070 789 4126 fedantur
802 4076 868 4124 ΗΒα
914 4070 1011 4126 sedant
1028 4077 1056 4124 Μ
1085 4073 1096 4141 11
1128 4078 1152 4126 6.
1171 4069 1297 4125 Venethi

148 4133 210 4191 Μ’
259 4137 400 4208 Venetiy
431 4141 440 4209 11
473 4147 496 4195 7.
516 4141 649 4210 peucinos
667 4146 716 4195 Ha
761 4141 892 4210 pencinos
910 4147 938 4194 Μ
982 4142 1111 4213 peutinos
1131 4147 1158 4212 ⁸2
1207 4140 1296 4209 pruti-

147 4214 232 4262 noss
262 4210 272 4279 1
303 4208 432 4278 fennosq
454 4229 496 4279 γα
532 4211 657 4280 sennosqq
674 4216 700 4264 Η
731 4213 740 4282 11
773 4220 796 4267 9.
817 4212 914 4266 domus
932 4217 958 4265 Η
995 4216 1170 4269 domos-cett.
1198 4213 1213 4281 ’11
1243 4213 1296 4266 fin—

148 4281 218 4347 gunt
235 4284 300 4350 Hya
344 4280 435 4348 figunt
452 4277 482 4332 Δ’
515 4282 525 4350 11
556 4283 596 4352 et]
624 4299 656 4336 ac
675 4289 700 4337 Η
730 4282 740 4351 11
771 4282 894 4352 pcduum
912 4287 1012 4353 scripsi
1055 4283 1158 4352 pedum
1177 4282 1296 4350 Lipsius

148 4348 276 4418 peditum
294 4354 339 4420 By
374 4351 484 4420 pecudis
503 4370 524 4405 a
556 4355 566 4422 11
599 4359 639 4410 12.
659 4354 761 4408 Fennis
779 4358 827 4408 Ηα
863 4354 975 4409 Flennis
993 4362 1020 4409 Η
1056 4355 1182 4422 semiss
