2940 4904
579 180 795 241 -14-

118 341 307 405 diuersitate
335 344 483 421 naturae,
511 359 584 402 cum
611 338 697 402 idem
724 337 870 401 homines
899 337 945 401 sic
973 337 1084 398 ament
1110 332 1268 423 inertiam

117 450 150 511 et
174 448 299 512 oderint
322 447 471 530 quietem.

208 553 280 618 Mos
300 557 349 616 est
367 551 554 616 ciuitatibus
578 552 664 615 ultro
688 572 725 615 ao
748 549 871 614 uiritim
895 547 1038 613 conferre
1061 545 1269 630 principibus
1300 576 1315 616 a

119 660 172 723 uel
192 662 412 724 armentorum
426 659 478 722 uel
496 658 637 742 frugum,
656 656 741 740 quod
759 679 818 740 pro
837 657 959 721 honore
979 657 1146 736 acceptum
1165 652 1270 716 etiam

119 766 367 834 necessitatibus
392 765 552 828 subuenit.

211 870 361 936 Gaudent
383 871 553 955 praecipue
572 870 783 934 finitimarum
803 869 947 953 gentium
967 866 1073 949 donis,
1097 887 1179 950 quae
1197 887 1272 929 non

119 978 215 1043 modo
235 1001 254 1042 a
273 979 423 1063 singulis,
448 979 503 1042 sed
522 981 555 1042 et
572 978 700 1060 publice
720 977 902 1059 mittuntur,
925 974 1019 1038 electi
1034 974 1122 1058 equi,
1145 993 1271 1057 magna
1287 1003 1315 1042 12

120 1108 219 1177 arma,
238 1086 390 1168 phalerae
406 1088 613 1169 torquesque3
628 1085 694 1149 iam
706 1086 739 1147 et
748 1083 918 1166 pecuniam
933 1082 1076 1164 accipere
1092 1079 1272 1143 docuimus.

212 1193 262 1257 16.
299 1191 416 1257 Nullas
436 1191 669 1256 Germanorum
687 1190 817 1274 populis
836 1188 931 1253 urbes
951 1188 1090 1251 habitari
1110 1187 1189 1278 satis
1212 1208 1271 1250 no-

99 1299 191 1363 'tum
215 1300 278 1380 est,
300 1320 340 1362 ue
363 1299 434 1380 pati
457 1298 586 1382 quidem
609 1297 693 1361 inter
717 1319 750 1360 se
774 1298 899 1360 iunctas
923 1295 1022 1359 sedes.

213 1402 332 1468 Colunt
351 1404 481 1468 discreti
502 1425 538 1468 ac
557 1402 690 1487 diuersi,
712 1405 749 1466 ut
766 1402 853 1487 fons,
875 1406 913 1466 ut
931 1424 1076 1484 campus,
1099 1404 1142 1489 ut·
1153 1423 1270 1465 nemus
1349 1426 1354 1430 ·

122 1512 251 1596 placuit.
895 1543 900 1549 ·
1279 1536 1296 1574 1

211 1617 310 1683 Vicos
338 1617 447 1682 locant
473 1639 539 1682 nou
568 1618 602 1680 in
629 1621 777 1683 nostrum
800 1639 924 1681 morem
948 1617 1076 1681 conexis
1100 1619 1133 1679 et
1156 1617 1272 1681 cohae—

123 1725 267 1789 rentibus
296 1724 461 1789 aedificiis:
494 1747 586 1788 suam
619 1726 752 1808 quisque
786 1724 916 1789 domum
949 1725 1054 1807 spatio
1082 1722 1273 1806 circumdat,

126 1832 194 1897 siue
217 1830 372 1894 aduersus
397 1853 491 1895 casus
518 1831 603 1914 ignis
629 1830 806 1894 remedium
830 1831 897 1894 siue
920 1830 1049 1894 inscitia
1073 1829 1273 1893 aedificandi.

212 1935 262 2001 Ne
286 1939 524 2000 caementorum
549 1935 677 2019 quidem
696 1937 780 2020 apud
803 1937 877 2000 illos
897 1939 953 1999 aut
974 1936 1158 2031 tegularum
1178 1958 1303 2003 usus:e

95 2085 98 2089 <
124 2045 261 2109 materia
289 2043 330 2107 ad
358 2043 468 2110 omnia
496 2046 631 2107 utuntur
658 2043 789 2107 informi
817 2047 850 2107 et
872 2043 955 2107 citra
978 2043 1117 2126 speciem
1141 2046 1197 2106 aut
1221 2042 1275 2106 de-

124 2153 340 2216 lectationem.
362 2151 366 2234 l
387 2150 552 2226 Quaedam
571 2151 642 2215 loca
656 2150 844 2234 diligentius
859 2150 1012 2214 inliniunt
1025 2152 1112 2212 terra
1130 2149 1177 2212 ita
1190 2171 1276 2232 pura

127 2281 164 2323 ao
188 2251 391 2342 splendente,
419 2260 456 2321 ut
482 2258 644 2340 picturam
673 2279 710 2320 ac
738 2257 928 2321 liniamenta
953 2257 1097 2321 colorum
1120 2257 1274 2322 imitetur.

127 2367 233 2431 solent
261 2368 294 2428 et
321 2368 543 2447 supterraneos
573 2385 686 2446 specus
716 2363 840 2446 aperire
868 2386 987 2447 eosque
1014 2364 1117 2427 multo
1140 2364 1318 2448 insuper12

127 2473 203 2536 fimo
224 2475 375 2554 onerant,
394 2470 569 2554 suffugium
587 2470 687 2533 hiemi
706 2473 739 2533 et
756 2471 994 2553 receptaculum
1012 2470 1175 2555 frugibus,
1199 2472 1276 2554 quia

127 2579 269 2662 rigorem
296 2577 456 2660 frigorum
488 2575 647 2641 eiusmodi
678 2576 758 2640 locis
786 2575 950 2640 molliunt:
975 2577 985 2661 ΙΙ
1012 2581 1056 2661 et,
1089 2579 1117 2640 si
1146 2579 1274 2662 quando

27 2772 30 2777 ι
126 2684 232 2749 hostis
261 2684 405 2768 aduenit,
437 2686 551 2766 aperta
577 2683 765 2766 populatur,
798 2664 909 2747 alrdita
940 2688 1047 2748 autem
1080 2688 1112 2748 et
1141 2685 1279 2750 defossa·

128 2793 184 2855 aut
211 2791 403 2874 ignorantur
431 2794 487 2854 aut
514 2812 552 2854 eo
580 2791 651 2874 ipso
679 2789 798 2854 fallunt
827 2790 912 2874 quod
940 2791 1120 2874 quaerenda
1144 2795 1228 2856 sunt.
1268 2789 1318 2879 luc

130 2899 179 2962 17.
218 2898 382 2982 Tegumen
401 2898 549 2962 omnibus
569 2918 683 2981 sagum
702 2897 801 2961 fibula
825 2899 893 2980 aut,
917 2897 943 2960 si
967 2897 1063 2976 desit,
1088 2897 1181 2980 spina
1200 2919 1273 2962 con·
1313 2979 1316 2984 Ι

128 3008 265 3068 sertum:
296 3007 402 3068 cetera
430 3004 545 3067 intecti
573 3006 661 3066 totos
689 3003 757 3066 dies
784 3003 876 3067 iuxta
902 3002 1009 3068 focum
1037 3007 1132 3089 atque
1164 2981 1275 3088 ignem

127 3113 237 3194 agunt.

217 3216 478 3296 Locupletissimi
510 3220 600 3281 ueste
633 3216 867 3301 distinguntur,
898 3240 966 3283 non
998 3218 1159 3299 fluitante,
1192 3218 1304 3282 sioutr

130 3321 298 3388 Sarmatae
319 3345 355 3386 ao
374 3322 500 3407 Parthi,
524 3324 580 3387 sed
600 3324 712 3387 stricta
730 3327 763 3387 et
784 3325 929 3408 singulos
954 3329 1044 3389 artus
1068 3325 1275 3407 exprimente.

220 3429 345 3495 (lerunt
377 3434 410 3494 et
441 3430 582 3494 ferarum
613 3430 730 3514 pelles,
766 3431 906 3513 proximi
939 3433 1029 3516 ripae
1061 3431 1276 3515 neglegenter,

130 3537 298 3602 ulteriores
322 3537 525 3621 exquisitius,
548 3539 585 3600 ut
607 3536 723 3620 quibus
746 3538 854 3601 nullus
877 3559 935 3620 per
954 3538 1144 3602 commercia
1163 3538 1276 3601 cultus.

202 3791 225 3839 6.
245 3784 320 3838 idern
339 3788 391 3836 ΗΜ
427 3783 511 3853 ydem
531 3789 569 3836 sor
600 3786 610 3854 ll
645 3790 684 3840 12.
701 3801 722 3838 a
740 3784 857 3854 singulis
877 3791 916 3838 sa
954 3783 1071 3853 singulis
1090 3790 1149 3837 ms

200 3859 246 3908 16.
284 3861 308 3909 5.
328 3855 425 3909 locant
442 3860 487 3924 Hy
514 3855 672 3923 longantur
704 3856 713 3924 ll
746 3857 877 3911 connexis
901 3857 976 3910 codd.
1009 3857 1018 3924 ΙΙ
1051 3861 1075 3911 8.
1094 3874 1130 3911 ne
1149 3862 1188 3909 sa
1224 3872 1275 3908 neo

129 3932 182 3979 HM
213 3928 223 3994 ΙΙ
256 3932 296 3982 10,
326 3926 458 3979 inlinient
485 3930 538 3977 ΗΜ
578 3926 684 3980 illiniut
712 3932 728 3977 S
769 3927 864 3982 illinirt
889 3945 910 3979 α
946 3928 956 3996 ll
994 3933 1035 3980 11.
1064 3925 1209 3981 liniamcta
1233 3931 1275 3978 HS

130 3999 283 4052 lineameta
306 3992 371 4048 Μ’
410 3998 420 4065 ΙΙ
456 3997 581 4051 colorum
605 3999 682 4051 codd.
723 3998 847 4052 locorum
871 3999 1032 4067 Nipperdey
1062 3999 1072 4067 11
1105 4004 1145 4054 12.
1170 4001 1275 4067 supter-

130 4086 230 4124 raneos
249 4063 278 4119 A'
319 4068 513 4122 subterraneos
537 4084 575 4136 γα
605 4068 616 4137 ll
648 4074 689 4122 13.
710 4069 776 4136 quia
794 4073 870 4123 ΗΜα
903 4069 986 4137 quis
1018 4071 1028 4139 ΙΙ
1060 4076 1101 4125 14.
1126 4069 1274 4140 frigorum]

130 4142 206 4196 omis.
225 4144 252 4192 Μ
282 4139 292 4207 ll
324 4138 391 4191 lacis
408 4140 508 4206 scripsi
543 4137 612 4191 locis
631 4139 706 4193 codd.

200 4213 243 4264 1⁷.
278 4219 301 4263 t.
321 4212 441 4262 sarmata
456 4213 483 4261 Μ
519 4210 692 4263 samninus
729 4213 851 4264 samrate
870 4229 888 4264 o
919 4212 929 4280 ΙΙ
961 4218 984 4267 6,
1005 4212 1113 4267 Gerunt
1126 4216 1190 4282 Hya
1225 4210 1274 4263 re-

132 4285 197 4336 runt
214 4278 244 4333 A'
278 4282 288 4350 ll
319 4280 495 4350 negligenter
513 4283 608 4333 Hcorr.
627 4298 669 4350 γα
707 4279 897 4350 negligentius
916 4287 984 4352 Hpr.
