2940 4904
667 268 883 331 ..13-

294 428 345 493 24.
376 426 484 491 Genus
500 426 759 510 spectaculorum
773 449 873 490 unum
888 430 984 511 atque
998 427 1032 490 in
1047 427 1134 490 omni
1148 429 1241 490 coetu
1256 426 1351 489 idem.

203 535 282 599 nudi
305 535 450 616 iuuenes,
474 533 591 617 quibus
615 532 647 596 id
670 531 829 596 ludicrum
854 537 916 615 est,
939 533 1024 596 inter
1047 532 1172 616 gladios
1196 554 1229 596 se
1254 536 1350 615 atque

204 641 339 704 infestas
363 640 502 703 frameas
522 641 607 703 saltu
630 639 761 703 iaciunt.
798 639 985 703 exercitatio
1006 642 1107 702 artem
1130 639 1273 722 parauit,
1297 661 1351 701 ars
1391 688 1394 693 .

205 747 365 829 decorem,
393 768 460 810 non
488 745 522 808 in
550 748 719 828 quaestum
751 747 864 835 tamen
890 747 947 809 aut
979 746 1171 810 mercedem:
1203 745 1382 830 quamuisr

205 852 336 917 audacis
359 851 513 915 lasciuiae
536 851 677 933 pretium
699 854 748 915 est
770 852 921 934 uoluptas
944 852 1191 934 expectantium.

295 959 423 1041 Aleam,
452 958 537 1041 quod
565 957 694 1040 mirere,
724 959 824 1022 sobrii
852 959 935 1022 inter
963 959 1047 1023 seria
1070 961 1231 1039 exercent,
1259 960 1353 1022 tanta

205 1065 351 1129 lucrandi
379 1063 575 1147 perdendiue
602 1064 799 1147 temeritate,
829 1069 878 1148 ut,
910 1086 982 1129 cum
1016 1066 1125 1129 omnia
1157 1065 1352 1149 defecerunt,

206 1176 349 1236 extremo
378 1192 416 1235 ac
443 1171 620 1235 nouissimo
650 1171 736 1234 iactu
762 1170 799 1233 de
822 1171 974 1235 libertate
997 1193 1034 1235 ac
1058 1172 1095 1235 de
1120 1193 1254 1254 corpore
1279 1193 1382 1238 con-e

205 1278 348 1342 tendant.
373 1277 479 1341 uictus
494 1276 714 1341 uoluntariam
729 1276 920 1340 seruitutem
934 1277 1014 1340 adit:
1035 1279 1181 1362 quamuis
1197 1279 1354 1362 iuuenior,

206 1384 354 1469 quamuis
373 1383 551 1466 robustior,
576 1384 704 1467 alligari
724 1405 756 1446 se
776 1406 813 1448 ac
832 1385 942 1447 uenire
960 1385 1093 1466 patitur.
1131 1407 1168 1448 ea
1192 1387 1241 1449 est
1265 1386 1299 1448 in
1320 1408 1354 1448 re

208 1514 310 1576 praua
332 1490 527 1574 peruicacia:
550 1491 613 1573 ipsi
631 1490 728 1553 fidem
748 1493 875 1554 uocant.
912 1512 1023 1555 seruos
1042 1491 1237 1556 condicionis
1256 1492 1354 1556 huius

207 1620 265 1682 per
293 1597 486 1663 commercia
512 1596 658 1680 tradunt,
686 1598 723 1660 ut
751 1618 784 1660 se
814 1618 940 1680 quoque
967 1597 1089 1680 pudore
1117 1598 1272 1662 uictoriae
1305 1620 1356 1661 ex·
1371 1625 1398 1662 12

208 1706 347 1770 soluant.
392 1703 445 1769 25.
477 1701 598 1767 Ceteris
619 1703 721 1767 seruis
740 1703 858 1766 nonin
876 1707 1025 1768 nostrum
1044 1726 1167 1768 morem
1184 1704 1355 1787 descriptis

208 1833 265 1894 per
287 1810 446 1874 familiam
470 1810 657 1873 ministeriis
681 1813 828 1874 utuntur:
858 1833 949 1874 suam
978 1812 1110 1894 quisque
1134 1812 1256 1897 sedem,
1280 1835 1356 1877 suos

207 1919 335 2002 penatis
353 1916 453 2001 regit3
472 1916 626 1979 frumenti
645 1915 777 1980 modum
796 1916 944 1981 dominus
965 1921 1021 1980 aut
1038 1918 1164 2001 pecoris
1185 1921 1241 1982 aut
1254 1919 1356 1982 uestis

209 2028 246 2088 ut
269 2025 382 2089 colono
411 2023 564 2106 iniungit,
593 2025 625 2085 et
654 2044 766 2087 seruus
791 2022 949 2087 hactenus
972 2026 1073 2106 paret.
1111 2027 1217 2088 cetera
1240 2025 1384 2088 domusr

209 2132 318 2196 officia
346 2153 426 2195 uxor
456 2152 493 2193 ac
516 2129 610 2193 liberi
634 2132 842 2214 exequuntur.
879 2130 1049 2193 uerberare
1074 2152 1204 2194 seruum
1227 2153 1263 2194 ac
1287 2132 1356 2196 uin-

209 2239 289 2303 culis
321 2242 355 2302 et
383 2258 478 2320 opere
507 2236 676 2300 cohercere
704 2258 826 2300 rarum:
859 2236 1003 2328 occidere
1027 2231 1146 2322 solent,
1173 2260 1240 2302 non
1263 2238 1357 2302 disci-

208 2346 298 2428 plina
316 2347 350 2407 et
364 2343 550 2426 seueritate,
575 2342 631 2406 sed
653 2342 776 2426 impetu
796 2346 828 2406 et
846 2344 907 2427 ira,
931 2347 968 2406 ut
985 2344 1165 2429 inimicum,
1187 2344 1252 2409 nisi
1270 2345 1358 2428 quod

208 2451 340 2534 impune
364 2451 423 2514 est.
1371 2479 1384 2517 e

298 2555 425 2620 Liberti
444 2577 510 2619 non
528 2556 666 2620 multum
686 2578 784 2639 supra
802 2577 913 2621 seruos
933 2560 1023 2621 sunt:
1046 2579 1119 2622 raro
1139 2558 1277 2642 aliquod
1289 2579 1355 2623 mo-

210 2666 356 2726 mentum
373 2663 409 2726 in
427 2662 537 2746 domo,
560 2684 736 2745 numquam
754 2662 789 2725 in
807 2662 955 2747 ciuitate,
979 2664 1120 2748 exceptis
1140 2649 1310 2751 dumtaxat
1327 2665 1356 2729 is

211 2770 362 2854 gentibus
382 2790 464 2854 quae
483 2773 669 2853 regnantur.
700 2769 746 2833 ibi
767 2769 855 2833 enim
874 2773 907 2834 et
921 2792 1018 2854 super
1031 2771 1190 2855 ingenuos
1210 2775 1243 2835 et
1262 2793 1358 2855 super

210 2877 336 2941 nobiles
365 2875 555 2946 ascendunt:
585 2875 670 2959 apud
698 2880 821 2941 eeteros
848 2877 989 2960 impares
1019 2877 1164 2942 libertini
1195 2878 1357 2943 libertatis
1374 2904 1400 2942 12

213 2986 440 3067 argumentum
463 2985 566 3047 sunt..
1270 2995 1273 3002 “

300 3091 353 3154 26.
381 3088 510 3153 Faenus
531 3089 654 3173 agitare
669 3092 702 3152 et
720 3089 755 3154 in
769 3111 884 3155 usuras
902 3090 1070 3155 extendere
1089 3092 1251 3177 ignotum3
1272 3092 1358 3157 ideo-

211 3218 272 3281 que
286 3196 393 3281 magis
413 3199 572 3279 seruatur,
596 3217 693 3280 quam
717 3196 744 3260 si
759 3196 896 3261 uetitum
920 3201 1012 3262 esset.
1049 3199 1120 3283 agri
1142 3221 1201 3282 pro
1223 3220 1358 3262 numero

211 3303 373 3367 cultorum
402 3301 443 3366 ab
471 3301 631 3366 uniuersis
659 3303 731 3367 uice
761 3306 972 3388 occupantur,
1001 3327 1081 3389 quos
1110 3327 1185 3369 mox
1212 3305 1297 3367 inter
1325 3326 1359 3367 se

213 3409 387 3474 secundum
411 3407 630 3493 dignationem
653 3409 852 3492 partiuntur3
874 3409 1066 3474 facilitatem
1088 3407 1250 3494 partiendi
1273 3430 1388 3477 cam-4

211 3538 328 3599 porum
352 3516 458 3599 spatia
481 3515 646 3597 praebent.
684 3536 761 3578 arua
783 3536 841 3598 per
865 3537 968 3581 annos
991 3519 1133 3601 mutant,
1157 3519 1189 3580 et
1212 3518 1360 3599 superest

283 3709 351 3791 94.Ι
376 3715 401 3764 3.
430 3707 516 3778 saltu]
543 3724 572 3762 se
597 3711 665 3777 Hpr.
702 3709 713 3777 ΙΙ
748 3714 772 3762 ὅ.
801 3709 1007 3778 expectantium
1035 3715 1085 3763 EA
1130 3708 1313 3780 expectanciu
1340 3726 1360 3778 γ

214 3783 402 3905 spectantium
421 3797 439 3833 a
469 3779 479 3848 ΙΙ
512 3784 553 3834 11,
572 3796 660 3848 praua
677 3785 758 3849 Epa
798 3797 887 3851 parua
905 3785 939 3850 Η1
974 3782 984 3850 ll
1016 3787 1058 3835 12.
1078 3782 1206 3837 exsoluat
1223 3787 1266 3835 Es
1315 3797 1359 3834 ex-

214 3869 335 3975 cusp&
359 3869 396 3976 αἳ.
410 3921 572 3990 ministeris
590 3928 654 3993 Hya
691 3921 824 3976 ministris
839 3918 868 3975 A'
898 3924 908 3992 ll
933 3929 958 3976 3.
974 3923 1084 3991 penatis
1099 3943 1117 3979 a
1153 3924 1270 3995 penates
1283 3910 1355 3974 ΗΒΕ

213 4011 301 4063 penas
319 3997 346 4045 Μ
368 3994 377 4062 ll
400 3999 424 4048 4.
444 3994 477 4046 ut
492 3996 535 4044 ΗΒ
567 3995 617 4047 aut
633 3999 683 4047 Ha
705 3995 715 4063 ΙΙ
738 3999 762 4049 5.
782 4010 815 4048 ac
833 3993 915 4048 liberi
934 4011 955 4046 a
988 3996 1017 4048 et
1035 3995 1155 4065 liberty
1177 3997 1186 4065 ll
1208 4012 1255 4049 uu.
1271 3999 1359 4048 9—13

214 4067 246 4118 ia
264 4070 379 4119 extremo
394 4064 482 4131 capite
495 4068 535 4118 26
550 4070 616 4133 post,
630 4064 795 4134 ignorantur
813 4067 844 4118 ia
857 4060 886 4116 A'
912 4065 922 4133 ll
945 4071 987 4119 10.
1006 4065 1030 4119 is
1050 4068 1090 4122 ed.
1110 4067 1207 4122 Vicere.
1221 4069 1294 4120 1515
1325 4063 1360 4117 iis

216 4154 237 4190 a
273 4135 317 4190 his
335 4138 361 4187 11
396 4135 486 4216 hysy
517 4135 527 4202 11
559 4141 600 4188 11.
619 4137 771 4216 regnantur
790 4141 829 4188 sa
865 4136 984 4204 regnant
1001 4141 1054 4188 ΗΜ
1338 4203 1345 4215 .

286 4208 337 4260 26.
375 4211 399 4262 3.
424 4220 485 4259 vice
503 4210 529 4256 Η
565 4206 681 4276 vieeey
726 4225 756 4259 m
780 4206 854 4260 uices
877 4202 916 4259 A''
950 4208 959 4276 ll
990 4213 1015 4262 4.
1040 4208 1234 4278 dignationem
1256 4224 1278 4260 α
1318 4204 1358 4257 dr-

214 4278 380 4347 gnacionem
397 4281 450 4328 lm
486 4275 621 4353 dignoss
648 4279 657 4347 ll
680 4283 704 4332 5.
723 4278 792 4347 pbet
809 4283 835 4330 Η
870 4278 989 4348 prebent
1002 4284 1101 4352 Quor.
1137 4282 1263 4350 petant!
1298 4291 1360 4345 pre·

198 4382 289 4438 'itant
305 4380 362 4436 Μ’
395 4384 406 4454 ss
437 4383 478 4456 et]
498 4351 528 4438 eut
544 4389 570 4435 11
