2940 4904
624 246 840 309 ,ῃ-

158 411 238 474 tium
268 409 465 473 consuetudo
491 407 635 490 simplex.
680 407 808 491 uirgam
836 407 1010 493 frugiferae
1035 407 1143 472 arbori
1168 407 1306 470 decisam

157 519 192 580 in
216 517 362 581 surculos
383 518 553 599 amputant
571 535 689 597 eosque
708 513 795 577 notis
815 514 1007 598 quibusdam
1028 513 1185 578 discretos
1210 535 1306 597 super

159 623 327 688 candidam
352 627 475 686 uestem
499 626 618 684 temere
643 642 680 685 ac
703 620 840 685 fortuito
865 623 1033 704 spargunt.
1080 643 1167 704 mox,
1196 620 1222 683 si
1250 643 1306 703 pu·
1335 647 1348 685 c

158 730 241 794 blice
265 730 464 812 consuletur,
494 727 643 793 sacerdos
668 728 824 812 ciuitatis,
853 729 904 791 siu
927 727 1095 810 priuatim,
1123 727 1191 810 ipse
1215 729 1309 809 pater

158 837 314 921 familiae,
345 839 495 920 precatus
531 834 607 898 deos
635 834 822 917 caelumque
852 834 1045 917 suspiciens,
1076 837 1127 896 ter
1159 832 1307 917 singulos

160 945 256 1027 tollit,
276 944 422 1007 sublatos
443 942 617 1005 seermdum
636 941 827 1023 impressam
848 943 922 1004 ante
942 943 1053 1005 notam
1068 940 1307 1023 interpretarer.

160 1051 186 1114 si
209 1051 457 1134 prohibuerunt,
485 1049 575 1112 nulla
599 1048 637 1112 de
662 1048 773 1112 cadem
797 1070 830 1111 re
855 1048 889 1111 in
912 1047 1048 1111 eundern
1073 1046 1157 1110 diem
1182 1046 1307 1110 consul·
1336 1076 1348 1112 s

158 1157 255 1240 tatio,
286 1158 337 1220 sin
364 1156 571 1240 permissum,
600 1155 814 1238 auspiciorum
844 1154 946 1218 adhue
974 1153 1053 1217 fides
1083 1153 1231 1237 exigitur.
1277 1155 1309 1216 et

159 1263 238 1325 illud
259 1263 385 1345 quidem
406 1263 503 1326 etiam
521 1263 575 1326 hic
594 1264 717 1344 notum,
735 1261 745 1344 [l
764 1261 872 1325 auium
891 1282 988 1329 uoces
1008 1260 1198 1343 uolatusque
1213 1260 1309 1323 iuter-

160 1390 288 1454 rogare:
311 1370 478 1453 proprium
503 1369 609 1454 gentis
633 1391 789 1454 equorum
808 1390 935 1452 quoque
959 1367 1130 1451 praesagia
1152 1388 1189 1430 ac
1208 1367 1307 1430 moni-

160 1481 212 1539 tus
237 1477 382 1560 experiri.
418 1476 547 1559 publice
572 1476 702 1540 aluntur
725 1475 827 1539 isdem
851 1474 1038 1538 nemoribus
1063 1495 1099 1537 ae
1122 1472 1213 1556 lucis,
1237 1495 1309 1536 can·
1326 1501 1349 1538 n

161 1584 225 1647 didi
245 1587 278 1647 et
295 1584 383 1648 nullo
404 1583 537 1647 mortali
558 1605 651 1666 opere
671 1582 826 1664 contaeti3
850 1603 930 1665 quos
951 1601 1079 1664 pressos
1100 1601 1191 1643 sacro
1216 1601 1311 1642 curru

162 1690 312 1754 sacerdos
338 1712 374 1753 ao
398 1711 454 1753 rex
475 1690 527 1752 uel
551 1689 702 1771 princeps
723 1688 866 1751 ciuitatis
887 1687 1084 1751 comitantur
1102 1685 1311 1768 hinnitusque

164 1818 200 1859 ric
230 1795 378 1859 fremitus
413 1795 596 1861 obseruant.
647 1816 704 1859 nee
732 1793 792 1858 ulli
823 1793 967 1877 auspicio
996 1793 1099 1857 maior
1125 1791 1216 1873 fides,
1247 1815 1313 1883 non

166 1903 269 1965 solum
290 1903 375 1985 apud
399 1901 536 1986 plebem,
560 1902 645 1985 apud
663 1923 820 1985 proceres,
845 1900 929 1983 apud
948 1899 1145 1982 sacerdotes3
1169 1920 1201 1962 se
1226 1899 1311 1962 enim
1327 1927 1352 1965 ro

162 2009 328 2073 ministros
354 2010 501 2092 deorum,
524 2008 597 2092 illos
623 2008 769 2072 conscios
794 2009 920 2090 putant.

249 2114 312 2178 Est
330 2118 362 2179 et
382 2115 446 2179 alia
466 2115 650 2180 obseruatio
667 2115 893 2198 auspiciorum,
913 2136 976 2197 qua
992 2114 1140 2198 grauium
1154 2114 1311 2200 bellorum

162 2226 295 2285 euentus
317 2222 496 2305 explorant.
517 2230 521 2301 Ι
542 2222 611 2286 eius
631 2222 747 2307 gentis,
766 2243 837 2287 eum
855 2243 919 2305 qua
933 2221 1053 2284 bellum
1068 2222 1129 2304 est,
1146 2219 1311 2301 captiuum

63 2407 67 2421 Ι
163 2349 291 2411 quoquo
320 2328 415 2393 modo
444 2329 658 2412 interceptum
692 2348 764 2392 eum
797 2327 899 2393 eleeto
931 2327 1136 2411 popularium
1170 2347 1310 2408 suorum,
1326 2352 1352 2391 ao

163 2434 281 2516 patriis
306 2457 462 2518 quemque
487 2435 595 2519 armis,
619 2435 838 2500 committunt:
868 2434 1007 2499 uictoria
1029 2433 1126 2497 huius
1150 2433 1201 2497 uel
1223 2430 1311 2495 illius

162 2563 221 2623 pro
245 2541 442 2623 praeiudicio
467 2542 631 2625 accipitur.

255 2649 304 2712 11.
341 2648 389 2712 De
413 2647 594 2713 minoribus
618 2649 714 2714 rebus
737 2650 898 2733 principes
923 2649 1123 2732 consultant,
1151 2647 1189 2712 de
1213 2647 1311 2713 maio·

165 2755 256 2818 ribus
276 2776 401 2837 omues,
424 2755 470 2819 ita
488 2759 610 2839 tamen,
635 2760 672 2820 ut
691 2778 729 2821 ea
747 2778 888 2841 quoque,
912 2779 1048 2841 quorum
1068 2776 1165 2840 penes
1184 2753 1310 2838 plebem

164 2862 335 2925 arbitrium
360 2865 422 2946 est,
447 2863 532 2947 apud
555 2863 717 2947 principes
741 2866 989 2948 pertractentur.

254 2966 392 3052 Coeunt,
420 2969 484 3033 uisi
513 2969 588 3052 quid
617 2970 788 3034 fortuitum
817 2973 850 3033 et
882 2970 1025 3034 subitum
1058 2969 1185 3052 incidit,
1217 2967 1312 3031 certis
1340 2994 1353 3032 4

80 3063 92 3079 ⁴
165 3075 292 3158 diebus,
316 3097 388 3139 eum
414 3079 471 3140 aut
493 3076 666 3141 inchoatur
689 3078 765 3141 luna
789 3080 846 3141 aut
868 3076 1033 3162 impletur3
1055 3079 1059 3157 Ι
1080 3098 1155 3141 nam
1179 3072 1312 3158 agendis

165 3180 260 3245 rebus
284 3181 346 3246 hoe
371 3182 668 3266 auspicatissimum
692 3184 820 3248 initium
844 3184 985 3249 credunt.

253 3288 322 3354 Nec
350 3288 473 3353 dierum
496 3311 679 3374 numerum,
707 3293 745 3353 ut
766 3311 839 3373 nos,
868 3289 924 3353 sed
946 3291 1089 3356 noctium
1114 3292 1311 3373 computant.

165 3397 211 3460 sic
235 3395 449 3475 constituunt,
474 3396 521 3460 sic
543 3395 730 3461 condicunt:
752 3417 817 3460 uox
841 3395 955 3461 ducere
980 3397 1063 3463 diem
1088 3397 1222 3462 uidetur.
1340 3423 1352 3460 s

253 3499 339 3564 Illud
369 3522 407 3564 ex
434 3502 585 3566 libertate
608 3503 738 3585 uitium,
767 3502 852 3586 quod
880 3524 944 3567 non
972 3503 1067 3567 simul
1090 3525 1149 3568 nec
1173 3505 1209 3566 ut
1232 3502 1311 3566 iussi

166 3607 374 3690 conueniunt,
398 3607 454 3671 sed
474 3611 506 3671 et
525 3607 606 3671 alter
626 3611 658 3670 et
676 3608 793 3671 tertius
814 3608 881 3671 dies
901 3609 1105 3673 conctatione
1128 3608 1312 3674 coeuntium

167 3715 354 3778 absumitur.
392 3717 428 3778 ut
450 3715 564 3779 turbae
588 3714 725 3798 placuit,
749 3715 921 3779 considunt
944 3716 1070 3780 armati.
1110 3755 1112 3761 ·

236 3857 284 3906 10.
318 3853 670 3929 4.temere]tenent11u
692 3852 809 3906 fortuito
828 3857 893 3905 Hsa
926 3853 1043 3907 fortuitu
1059 3859 1086 3905 Μ
1109 3855 1119 3922 ΙΙ
1143 3859 1167 3906 5.
1189 3851 1312 3905 eonsule-

165 3927 273 3977 turflu
298 3924 489 3978 consoleturs
513 3920 657 3978 consulent
677 3929 704 3975 Μ
731 3924 740 3992 ΙΙ
769 3930 809 3980 12.
826 3923 945 3978 isdems
975 3923 1119 3977 hisdemM
1146 3923 1243 3977 iisdem
1259 3941 1280 3976 α
1305 3922 1313 3991 [ξ

169 3996 372 4065 17.illos11pa
408 3996 476 4050 istos
490 3991 519 4048 A'
549 3997 559 4064 ΙΙ
588 4002 627 4049 19.
649 3995 796 4064 explorent
810 4000 874 4063 Epa
911 3996 1108 4064 exploraturA
1135 3996 1144 4063 ΙΙ
1172 3995 1312 4062 captiuum

167 4070 189 4116 A
218 4065 331 4134 captiua
346 4073 381 4119 Su
410 4069 493 4135 captu
507 4072 534 4118 Μ
561 4068 570 4136 ΙΙ
598 4073 640 4121 21.
656 4071 850 4135 quemqplfflu
883 4083 986 4135 quenqp
1001 4072 1041 4119 SA
1074 4082 1183 4135 quoque
1198 4070 1285 4118 liuor.
1311 4064 1312 4133 l

168 4143 210 4190 22.
230 4137 384 4205 preiudicio
403 4142 466 4206 Epa
502 4136 605 4192 iudicio
625 4143 656 4206 A,

238 4209 277 4259 11.
309 4213 331 4260 1.
352 4207 490 4276 principes
508 4213 550 4277 γΔ
587 4207 713 4277 principe
730 4214 755 4260 Η
782 4212 791 4279 ΙΙ
818 4214 842 4262 ὅ.
862 4209 1009 4264 inchoatur
1028 4214 1091 4278 Hya
1127 4202 1276 4261 incohatA
1305 4204 1313 4276 ll

169 4278 376 4333 incunctatae
396 4282 421 4328 Η
458 4279 660 4333 constumias
698 4280 839 4334 contat-iffa
859 4285 900 4334 Aa
937 4280 1139 4334 cuotacioness
1166 4278 1175 4344 ΙΙ
1206 4284 1245 4331 11.
1265 4278 1312 4331 ab·

91 4413 96 4423 ,
168 4350 335 4404 sumitursa
365 4348 527 4422 adsuiturs,
555 4351 863 4420 assumiturullturbe
883 4352 958 4406 codd.
992 4349 1119 4405 tarbud.
1136 4349 1186 4405 ar.
1203 4349 1312 4404 Gronov
