2940 4904
609 140 802 201 ..8-

139 322 200 383 que
233 299 341 364 demat
372 300 424 364 uel
458 299 556 363 addat
587 299 692 364 fidem.
746 298 776 362 4.
821 298 896 381 Ipse
929 320 1039 363 eorum
1077 299 1289 381 opinionibus

140 408 265 491 accedo,
287 407 344 491 ¹qui
364 405 555 471 Germaniae
578 406 716 489 populos
737 405 835 469 nullis
860 405 932 469 aliis
957 406 1093 470 aliarum
1116 406 1289 471 nationum

140 515 286 579 conubiis
304 514 442 579 infectos
461 514 627 598 propriam
646 517 679 578 et
698 512 857 577 sinceram
876 515 909 576 et
931 515 1058 576 tantum
1080 512 1129 577 sui
1148 512 1290 576 similem
1356 576 1358 581 .

139 626 268 706 gentem
288 621 433 685 extitisse
453 622 659 685 arbitrantur.
695 618 779 683 unde
802 618 933 683 habitus
957 641 1083 703 quoque
1106 640 1320 702 corporum,4

141 751 334 813 quamquam
354 729 389 791 in
408 730 500 792 tanto
524 727 691 792 hominum
715 749 859 811 numero,
881 726 965 790 idem
990 727 1148 791 omnibus.
1180 730 1289 790 truces

142 840 176 901 et
198 835 317 900 caeruli
342 834 435 918 oculi,
458 834 573 898 rutilae
598 857 717 918 comae,
742 855 860 919 magna
883 856 1019 916 corpora
1040 838 1073 898 et
1095 836 1222 898 tantum
1247 833 1291 898 ad

140 944 299 1027 impetum
323 943 447 1006 ualida:
474 941 594 1005 laboris
619 946 714 1025 atque
739 963 872 1024 operum
895 962 961 1004 non
985 939 1095 1004 eadem
1113 928 1291 1024 ⁸patientia3

143 1051 339 1133 minimeque
368 1048 456 1112 sitim
481 1052 668 1133 aestumque
695 1049 846 1131 tolerare,
874 1047 997 1132 frigora
1024 1051 1119 1130 atque
1146 1047 1319 1114 inediams

142 1157 230 1221 caelo
255 1156 364 1220 soloue
389 1157 607 1220 assueuerunt.

219 1247 259 1327 t).
283 1263 384 1326 Terra
403 1262 464 1327 etsi
484 1263 648 1345 aliquanto
669 1262 774 1344 speeie
794 1261 908 1345 differt,
927 1261 962 1323 in
975 1260 1163 1325 uniuersum
1177 1264 1289 1325 tamen

145 1373 200 1434 aut
223 1369 315 1434 siluis
339 1369 471 1434 horrida
495 1374 551 1434 aut
574 1369 745 1451 paludibus
774 1367 880 1450 foeda,
907 1367 1047 1431 umidior
1070 1389 1134 1451 qua
1158 1367 1290 1452 Galliae,

141 1476 308 1541 uentosior
337 1498 401 1559 qua
428 1475 586 1540 Noricum
619 1497 656 1539 ac
683 1475 885 1540 Pannoniam
914 1475 1043 1558 aspicit3
1077 1476 1156 1539 satis
1188 1477 1290 1562 ferax,

140 1583 370 1667 frugiferarum
395 1583 546 1647 arborum
570 1581 758 1666 impatiens,
787 1563 940 1665 pecorum
963 1581 1114 1667 fecunda,
1142 1584 1198 1647 sed
1221 1586 1320 1667 ple-a

143 1712 277 1773 rumque
300 1690 479 1772 inprocera.

230 1795 279 1861 Ne
318 1798 471 1861 armentis
509 1797 639 1881 quidem
672 1819 748 1861 suus
784 1796 890 1861 honor
923 1800 980 1860 aut
1016 1795 1122 1880 gloria
1158 1795 1288 1880 frontis3

142 1925 275 1969 numero
300 1904 455 1988 gaudent,
480 1925 598 1988 eaeque
622 1904 710 1967 solae
735 1907 767 1966 εὴ
790 1902 994 1989 gratissimae
1018 1924 1095 1986 opes
1116 1906 1199 1966 sunt.

234 2011 415 2095 Argentum
443 2013 476 2074 et
504 2032 616 2074 aurum
645 2011 818 2093 propitiine
847 2032 888 2073 an
916 2010 991 2074 irati
1022 2009 1067 2073 dii
1098 2010 1320 2094 negauerints

144 2119 267 2182 dubito.
293 2121 297 2197 l
322 2116 390 2182 Nec
417 2120 527 2181 tamen
556 2115 786 2180 affirmauerim
810 2115 934 2178 nullam
959 2113 1150 2181 Germaniae
1173 2139 1290 2181 uenam

146 2229 317 2309 argentum
335 2245 489 2288 aurumne
509 2225 657 2308 gignere3
681 2224 752 2306 quis
777 2222 862 2286 enim
887 2225 1049 2286 scrutatus
1071 2224 1141 2288 est?
1165 2245 1291 2307 posses·

146 2332 235 2396 sione
260 2333 292 2394 et
314 2353 375 2394 usu
397 2331 479 2393 haut
501 2330 637 2413 proinde
661 2330 855 2394 afficiuntur.

232 2437 295 2501 nst
317 2436 426 2500 uidere
450 2436 534 2520 apud
558 2437 633 2500 illos
657 2439 812 2520 argentea
835 2456 923 2518 uasa,
945 2435 1063 2519 legatis
1083 2439 1116 2499 et
1138 2437 1291 2519 principi·
1307 2460 1334 2499 ιε

120 2615 121 2618 ¹
145 2545 204 2608 bus
224 2565 334 2607 eorum
354 2542 479 2606 muneri
499 2543 583 2626 data,
606 2564 673 2606 non
691 2543 726 2606 in
745 2542 809 2606 alia
827 2541 954 2606 uilitate
973 2564 1068 2625 quam
1088 2564 1169 2625 quae
1191 2543 1291 2606 humo

144 2651 319 2735 finguntur.
352 2671 548 2734 quamquam
566 2650 704 2733 proximi
724 2650 764 2713 ob
779 2671 873 2713 usum
893 2648 1159 2713 commerciorum
1178 2659 1304 2713 aurum

147 2762 178 2822 et
202 2759 371 2842 argentum
395 2757 430 2819 in
456 2757 559 2839 pretio
584 2753 959 2842 habent,1lformasque
983 2756 1140 2839 quasdam
1161 2760 1292 2821 nostrae

146 2865 300 2947 pecuniae
329 2866 511 2947 agnoscunt
539 2865 635 2945 atque
664 2862 796 2946 eligunt.
825 2863 830 2940 Ι
855 2861 1025 2925 interiores
1054 2862 1232 2945 simplicius
1261 2867 1294 2926 et
1309 2895 1334 2933 1ss

147 2971 311 3055 antiquius
334 2970 572 3053 permutatione
596 2967 749 3033 mercium
775 2970 919 3032 utuntur.

235 3076 411 3141 Pecuniam
434 3076 574 3158 probant
594 3078 737 3139 ueterem
761 3076 793 3137 et
815 3074 869 3161 diu
891 3076 1013 3158 notam,
1038 3079 1178 3140 serratos
1202 3077 1292 3161 biga-

146 3194 269 3268 tosque.

237 3290 418 3375 Argentum
446 3312 571 3375 quoque
595 3289 700 3375 magis
728 3312 824 3374 quam
848 3312 961 3354 aurum
985 3293 1175 3374 sequuntur,
1202 3291 1294 3355 nulla
1308 3320 1335 3359 so

68 3464 74 3473 ,
149 3397 317 3462 affectione
337 3398 447 3477 animi,
469 3397 528 3485 sed
547 3397 623 3482 quia
647 3419 799 3460 numerus
824 3400 1051 3482 argenteorum
1074 3396 1199 3461 facilior
1221 3399 1294 3461 usui

139 3509 199 3569 >est
226 3505 409 3588 promiscua
432 3527 469 3569 ae
496 3504 574 3568 uilia
602 3503 829 3567 mercantibus.
876 3505 904 3568 6.
950 3503 999 3567 Ne
1023 3502 1143 3567 ferrum
1167 3504 1295 3587 quidem

150 3614 310 3695 superest,
334 3610 418 3675 sicut
437 3632 476 3674 ex
499 3631 620 3694 genere·
640 3611 778 3675 telorum
802 3610 974 3694 colligitur.

237 3717 317 3781 Rari
344 3716 460 3801 gladiis
488 3719 545 3780 aut
571 3717 749 3782 maioribus
777 3717 897 3780 lanceis
926 3718 1075 3782 utuntur:
1102 3719 1214 3784 hastas
1242 3720 1295 3783 uel

219 3967 250 4018 4.
287 3972 311 4018 3.
336 3964 460 4033 conubys
478 3968 505 4015 Μ
550 3963 694 4017 connubiis
716 3969 778 4018 usa
809 3965 818 4033 ll
853 3962 1048 4019 6.ceruli11A
1095 3963 1199 4018 cerulei
1216 3981 1254 4032 γα
1287 3963 1295 4034 ΙΙ

150 4045 174 4092 9.
194 4038 377 4091 assueuerunt
396 4041 431 4088 Su
468 4037 652 4089 assueuermtt
669 4040 696 4087 Μ
732 4036 879 4089 assuerunt
897 4030 925 4086 A'
966 4033 1123 4088 assueuerit
1142 4041 1169 4104 8,

222 4109 252 4161 5.
289 4114 314 4161 2.
338 4105 479 4160 humidior
505 4107 580 4160 codd.
613 4106 623 4174 ΙΙ
654 4112 678 4159 7.
708 4121 771 4174 equ
793 4100 857 4157 ΗΜ
905 4106 1029 4173 hequs
1066 4109 1127 4174 atq3
1153 4112 1180 4158 Μ
1211 4108 1220 4175 ΙΙ
1253 4110 1294 4157 11.

151 4182 221 4234 haut
239 4185 266 4232 Μ
302 4178 379 4232 haud
398 4183 433 4230 Sc
468 4177 477 4245 ΙΙ
514 4176 630 4244 proinde
653 4181 705 4229 Hm
741 4175 857 4247 perinde
876 4182 914 4230 βα
950 4178 960 4246 ll
997 4182 1038 4230 21.
1059 4177 1206 4233 affectione
1225 4180 1296 4228 mdc

152 4251 275 4306 affeccdd
293 4255 326 4303 Β·
353 4247 530 4303 affectatione
548 4243 577 4299 A'
