2940 4904
621 277 837 340 -29-

158 437 384 501 ministrantur
402 453 460 500 nec
478 457 585 500 remos
604 436 638 499 in
660 434 804 500 ordinem
828 435 984 500 lateribus
1005 435 1195 519 adiungunt:
1220 435 1332 503 solu-4

156 547 241 627 tum,
263 546 300 607 ut
323 543 358 606 in
383 542 574 626 quibusdam
597 541 780 626 fluminum,
808 545 840 606 et
862 542 1030 627 mutabile,
1057 546 1167 607 utres
1191 542 1304 626 poscit,

155 649 234 715 hinc
257 650 310 714 uel
332 649 423 714 illinc
445 649 626 734 remigium.

245 756 309 820 Est
336 756 420 840 epud
449 756 525 820 illos
550 759 583 819 et
605 755 721 839 opibus
746 756 864 839 honos,
892 777 992 840 eoque
1020 778 1102 821 unus
1130 756 1304 842 imperitat,
1340 808 1345 817 .

156 863 254 928 nullis
268 863 334 927 iam
349 862 600 946 exceptionibus,
619 883 686 926 non
705 863 849 946 precario
868 863 937 927 iure
956 863 1098 948 parendi.
1130 885 1189 929 neo
1204 886 1329 948 armas

156 974 194 1035 ut
226 969 310 1053 apud
344 972 469 1034 ceteros
498 968 691 1052 Germanos,
722 969 756 1032 in
787 970 986 1054 promiscuo,
1019 970 1075 1034 sed
1107 971 1216 1034 clausa
1244 971 1303 1034 sub

158 1076 299 1162 custode,
323 1076 506 1160 etquidem
532 1097 635 1160 seruo,
660 1075 735 1160 quia
754 1076 881 1141 subitos
903 1076 1047 1141 hostium
1066 1076 1212 1141 incursus
1231 1099 1303 1161 pro

157 1184 249 1248 hibet
262 1182 419 1261 Oceanus,
434 1182 540 1247 otiosa
553 1204 651 1266 porro
667 1185 865 1246 armatorum
880 1204 994 1247 munus
1008 1182 1102 1247 facile
1116 1183 1303 1247 lasciuiunt:

158 1291 321 1356 enimuero
342 1310 444 1372 neque
464 1289 606 1353 nobilem
628 1310 731 1373 neque
750 1290 938 1375 ingenuum,
961 1311 1001 1353 ne
1024 1290 1214 1355 libertinum
1237 1292 1304 1377 qui·
1318 1315 1344 1355 n

158 1397 229 1463 dem
249 1398 348 1462 ermis
371 1417 570 1481 praeponere
591 1396 690 1489 regia·
699 1397 823 1460 utilitas
844 1399 902 1460 est.
927 1399 931 1475 Ι
957 1396 1009 1461 45.
1043 1396 1146 1462 Trans
1165 1397 1304 1463 Suionas

158 1504 246 1569 aliud
273 1526 377 1588 mare,
400 1504 528 1588 pigrum
556 1524 593 1567 ec
622 1523 723 1586 prope
750 1503 924 1585 inmotum,
952 1525 1014 1586 quo
1044 1503 1129 1588 cingi
1158 1504 1304 1588 oludique

155 1613 315 1675 terrerum
335 1610 445 1675 orbem
469 1608 545 1673 hinc
569 1607 658 1692 fides,
682 1608 767 1692 quod
786 1612 948 1674 extremus
968 1609 1112 1675 cadentis
1135 1611 1201 1675 iarn
1225 1612 1304 1676 solis

155 1715 264 1802 fulgor
286 1717 321 1781 in
346 1720 436 1782 ortus
455 1714 568 1779 edurat
591 1714 670 1779 adeo
695 1717 810 1799 clarus,
832 1719 869 1779 ut
892 1715 999 1780 sidera
1020 1715 1164 1799 hebetet3
1188 1738 1330 1781 sonuml

156 1822 288 1907 insuper
307 1822 503 1908 emergentis
524 1821 627 1886 audiri
647 1821 832 1905 formasque
851 1822 984 1887 deorum
1003 1826 1036 1886 et
1056 1822 1164 1889 radios
1188 1823 1303 1907 cepitis

156 1929 257 2012 aspici
273 1929 440 2013 persuasio
457 1928 563 1994 adicit.
582 1928 657 1993 illuc
669 1950 780 2013 usque,
794 1929 928 1994 etfama
941 1951 1028 2014 uera,
1041 1933 1169 1994 tantum
1179 1934 1303 1996 natura.

243 2036 333 2121 Ergo
358 2036 423 2100 iam
451 2035 563 2101 dextro
588 2034 712 2101 Suebici
735 2037 834 2100 maris
860 2037 956 2102 litore
980 2036 1166 2101 Aestiorum
1189 2039 1303 2122 gentes

157 2142 344 2225 adluuntur,
368 2142 484 2226 quibus
508 2143 590 2207 ritus
614 2142 808 2226 habitusque
833 2141 1017 2227 Sueborum,
1039 2144 1151 2228 lingua
1175 2130 1329 2207 Britan-s

76 2330 79 2337 ,
156 2248 247 2315 nicae
278 2249 421 2333 propior.
476 2252 613 2312 matrem
645 2249 739 2313 deum
772 2252 977 2313 uenerantur.
1031 2249 1156 2333 insigne
1193 2270 1301 2331 super·

159 2354 299 2421 stitionis
323 2354 444 2420 formas
469 2377 623 2438 aprorum
647 2357 791 2440 gestant:
816 2355 849 2419 id
872 2377 931 2438 pro
955 2355 1053 2419 armis
1076 2355 1302 2437 hominumque

157 2462 260 2529 tutela
292 2483 439 2527 securum
472 2460 550 2526 deae
582 2463 738 2527 cultorem
767 2462 865 2527 etiam
893 2463 978 2527 inter
1009 2461 1114 2528 hostis
1146 2462 1302 2542 praestat:

158 2590 248 2634 rarus
270 2567 356 2653 ferri,
380 2568 531 2652 frequens
555 2568 690 2633 fustium
709 2579 796 2634 usus.
828 2569 993 2634 frumenta
1011 2572 1196 2652 ceterosque
1219 2567 1303 2632 fruc·
1317 2595 1342 2633 m

159 2677 212 2739 tus
234 2675 409 2758 patientius
433 2697 531 2758 quam
553 2697 611 2758 pro
636 2676 732 2741 solita
751 2676 986 2741 Germanorum
1005 2676 1123 2740 inertia
1143 2676 1302 2740 laborant.

164 2779 219 2843 sed
241 2782 274 2844 et
295 2802 380 2845 mere
405 2783 604 2865 scrutantur,
632 2803 669 2846 ec
693 2782 754 2846 soli
779 2782 923 2846 omnium
947 2782 1104 2865 sueinum,
1132 2781 1217 2865 quod
1240 2780 1302 2864 ipsi

161 2885 303 2970 glaesum
324 2890 451 2972 uocant,
480 2887 566 2952 inter
587 2875 673 2953 uada
696 2891 791 2971 atque
815 2888 849 2951 in
872 2888 944 2970 ipso
966 2886 1061 2950 litore
1084 2886 1206 2971 legunt.
1242 2906 1302 2950 nec

158 3013 237 3076 quae
256 2995 384 3078 nutura,
403 3016 524 3078 quaeue
544 2994 627 3059 ratio
647 2994 770 3079 gignat,
789 2996 825 3057 ut
842 2992 999 3075 barbaris,
1019 2991 1199 3074 quaesitum
1216 3013 1303 3065 com-y
1316 3021 1341 3060 m

156 3100 338 3184 pertumu03
357 3100 411 3166 diu
431 3102 507 3185 quin
526 3102 625 3166 etiam
643 3101 728 3165 inter
747 3103 853 3165 cetero
871 3099 1083 3164 eiectamenta
1101 3099 1200 3164 merie
1219 3098 1300 3162 iace-

157 3202 224 3290 bat,
252 3204 355 3271 donec
382 3208 509 3273 luxuria
531 3211 643 3274 nostra
671 3207 759 3273 dedit
781 3229 908 3272 nomen.
953 3205 1032 3289 ipsis
1056 3205 1090 3269 in
1112 3205 1202 3270 nullo
1225 3227 1300 3269 usu:

156 3310 232 3374 rude
250 3311 380 3397 legitur,
398 3314 536 3379 informe
550 3314 719 3399 perfertur,
737 3314 938 3397 pretiumque
957 3313 1112 3376 mirantes
1131 3312 1301 3394 accipiunt.

156 3437 266 3481 sucum
288 3421 402 3483 tamen
425 3422 550 3487 arboris
570 3421 749 3506 intellegas,
773 3420 848 3504 quia
870 3422 1000 3484 terrena
1023 3418 1180 3504 quaedam
1203 3419 1340 3499 atquem

223 3596 461 3721 {delinididddli
474 3600 538 3720 BER„
557 3597 851 3723 ”uiridiuasdlntliiidires
864 3672 892 3719 Μ
923 3669 932 3738 ΙΙ
964 3673 989 3721 2.
1009 3663 1115 3735 cludiq3
1134 3683 1155 3718 α
1175 3663 1299 3734 claudiqp

153 3738 198 3804 Hy
222 3736 239 3817 J!
269 3741 295 3790 4.
314 3735 344 3790 in
363 3739 440 3791 ortus
460 3737 560 3792 edurat
577 3743 601 3791 H
615 3755 634 3792 a
686 3737 716 3792 iu
735 3741 798 3794 ortu
817 3756 846 3794 se
866 3739 948 3793 durat
965 3742 1020 3807 ¹11⁸
1075 3738 1168 3791 mortu
1186 3736 1300 3790 sedurat

154 3809 181 3858 Ι
220 3822 250 3860 m
270 3808 362 3861 ortum
381 3808 481 3863 edurat
498 3804 528 3861 A'
561 3809 571 3877 l
601 3776 719 3863 lebetet
737 3827 755 3863 a
787 3809 892 3864 ‘ebetet
910 3815 934 3861 Δ
979 3809 1073 3863 ebetet
1091 3809 1121 3862 et
1138 3812 1164 3860 Η
1213 3806 1300 3861 hebet

154 3877 183 3930 et
200 3882 228 3929 Ι
263 3877 389 3932 habetfl
425 3879 435 3947 ΙΙ
470 3884 495 3933 o.
515 3878 631 3935 deorum
649 3883 697 3934 Ηα
735 3885 840 3948 eoruy
870 3881 880 3950 ΙΙ
913 3887 937 3936 7.
956 3878 1061 3934 sueuici
1080 3883 1122 3931 ΗΒ
1164 3876 1258 3932 saeuici
1275 3883 1299 3930 A

155 3946 240 4002 eeuici
258 3952 304 4003 Hc
335 3949 346 4017 ΙΙ
377 3949 458 4003 litore
476 3946 534 4002 Μ’
572 3950 667 4005 littore
686 3955 748 4004 Heu
778 3951 787 4020 ΙΙ
819 3951 970 4006 aestiorum
989 3955 1031 4004 Δα
1050 3949 1154 4005 estioril
1172 3954 1224 4004 nl
1253 3965 1298 4003 ae-

154 4020 265 4074 etorufl
296 4020 306 4089 ΙΙ
338 4019 535 4074 &adluuntur
552 4024 686 4076 Escorru
722 4022 882 4076 adbuuntur
905 4028 920 4075 8
940 4040 963 4076 r.
1009 4021 1161 4076 adluuntur
1178 4026 1206 4073 1
1250 4018 1298 4074 ab·

153 4088 269 4143 luuntur
287 4085 316 4141 A'
373 4107 521 4146 sueuorum
540 4093 616 4146 codd.
639 4092 649 4160 ΙΙ
680 4097 720 4146 lo.
740 4092 885 4147 hominurn
933 4094 1016 4148 rle‘cln
1053 4092 1177 4148 omnium
1195 4092 1271 4145 codd.

156 4164 196 4214 11.
215 4159 304 4215 hostis
319 4166 343 4212 Δ
395 4163 489 4216 hostes
509 4166 553 4232 Hy
584 4164 593 4232 Η
627 4169 668 4218 15.
687 4165 795 4233 glesum
813 4182 855 4234 γα
878 4165 887 4233 Η
909 4163 993 4220 litore
1011 4168 1038 4216 Κ
1070 4162 1166 4219 littore
1184 4156 1265 4214 uss

154 4231 435 4315 neqqrrae]neqql1
464 4234 481 4324 ιΙΙ
517 4240 559 4287 20.
579 4251 675 4289 sucum
697 4240 749 4288 m
793 4251 906 4319 succum
924 4240 986 4319 lisa
1025 4235 1036 4303 ΙΙ
1076 4232 1183 4289 arboris
1194 4238 1226 4315 ,Π
1262 4248 1297 4287 c.

156 4300 269 4381 Plautus
286 4320 313 4358 rr.
332 4304 358 4358 u.
377 4308 422 4373 37,
441 4309 476 4359 43
513 4305 643 4360 arborum
664 4321 722 4362 esse
741 4324 783 4377 γα
814 4307 824 4376 ΙΙ
855 4306 1000 4378 rntelhgae
1017 4309 1065 4358 Ηα
1111 4302 1253 4372 mtellrgae
1270 4308 1298 4355 Ι

155 4383 292 4470 inaniat
310 4407 327 4453 s
