2940 4904
611 228 822 293 „27-

231 387 282 452 41.
319 386 364 451 Et
392 385 471 453 haec
499 385 628 471 quidem
651 410 727 471 pars
751 387 930 453 Sueborum
953 388 986 451 in
1012 389 1187 454 secretiora
1211 389 1285 454 Ger-

142 493 269 559 maniae
293 493 484 579 porrigitur:
508 494 648 579 propior,
672 498 708 560 ut
731 495 891 579 quomodo
915 496 1012 578 paulo
1032 500 1106 560 ante
1130 496 1287 578 Rhenum,

143 602 187 665 sic
205 622 290 665 nune
305 600 489 666 Danuuium
510 622 633 685 sequar,
654 606 658 680 Ι
679 601 977 668 Hermundurorum
999 604 1124 687 emitae,
1146 604 1211 669 fida
1224 602 1286 669 Ro·

141 708 261 792 manis,
281 729 381 792 eoque
401 708 479 772 solis
494 706 727 773 Germanorum
745 732 813 774 non
832 710 865 773 in
884 710 955 794 ripa
974 711 1208 794 commercium,
1232 711 1287 776 sed
1301 738 1314 775 a

141 815 271 899 penitus
299 819 394 899 atque
423 815 456 878 in
485 815 745 899 splendidissima
773 816 906 881 Raetiae
934 816 1119 900 prouinciae
1152 818 1287 882 colonia.

142 921 263 1006 passim
283 922 353 985 sine
372 921 504 985 custode
524 926 708 1005 transeunt3
732 927 859 987 etcum
882 924 998 988 ceteris
1022 924 1174 1009 gentibus
1198 946 1289 989 arma

144 1028 237 1093 modo
257 1031 426 1111 castraque
446 1031 559 1093 nostra
578 1030 794 1114 ostendamus,
818 1029 870 1094 his
889 1031 1002 1096 domos
1024 1032 1180 1117 uillasque
1199 1035 1287 1116 pate-

143 1136 276 1201 fecimus
300 1158 366 1201 non
390 1137 697 1233 concupiscentibus.
719 1141 723 1217 Ι
744 1138 781 1202 In
801 1137 1037 1203 Hermunduris
1059 1138 1153 1203 Albis
1178 1139 1315 1221 oritur,a

144 1242 261 1307 flumen
285 1242 433 1306 inclitum
458 1247 490 1307 et
518 1248 633 1308 notum
662 1244 753 1328 olim,
785 1266 869 1309 nunc
896 1250 1024 1309 tantum
1053 1244 1190 1310 auditur.
1236 1245 1288 1311 42.

144 1349 237 1413 quta
247 1346 632 1414 HermundurosNarisci
643 1372 680 1415 ac
692 1349 804 1415 deinde
812 1350 1011 1416 Marcomani
1024 1356 1056 1416 et
1064 1350 1167 1427 Quadi
1178 1355 1289 1437 agunt.

143 1456 316 1540 praecipua
325 1451 606 1521 Marcomanorum
618 1457 723 1542 gloria
732 1458 890 1543 uiresque,
901 1461 996 1542 atque
1007 1459 1079 1541 ipsa
1089 1459 1185 1523 etiam
1197 1458 1288 1522 sedes

145 1562 247 1646 pulsis
263 1562 340 1626 olim
355 1561 432 1627 Bois
448 1563 567 1628 uirtute
583 1568 685 1649 parta,
703 1587 760 1628 nec
774 1563 904 1629 Narisci
919 1565 1064 1641 Quadiue
1079 1566 1288 1647 degenerant:
1303 1589 1317 1628 4

144 1691 243 1754 eaque
259 1669 450 1734 Germaniae
470 1671 559 1734 uelut
577 1669 667 1735 frons
687 1674 745 1754 est,
768 1675 926 1756 quatenus
943 1671 1094 1736 Danuuio
1114 1670 1289 1756 peragitur.

231 1775 448 1841 Marcomanis
464 1776 647 1861 Quadisque
662 1799 764 1862 usque
779 1777 819 1841 ad
833 1781 979 1842 nostram
994 1778 1181 1842 memoriam
1196 1797 1289 1861 reges

145 1906 290 1950 mansere
315 1906 353 1949 ex
376 1887 472 1968 gente
492 1884 643 1967 ipsorum,
667 1884 775 1948 nobile
794 1883 986 1950 Marobodui
1005 1882 1037 1948 et
1056 1883 1155 1948 Tudri
1175 1904 1290 1969 genus:

144 1993 209 2057 iam
237 1996 270 2057 et
297 1995 446 2056 externos
474 1991 650 2074 patiuntur.
678 1991 752 2055 'sed
783 1993 830 2055 uis
859 1995 891 2055 et
918 1992 1065 2074 potentia
1092 1991 1222 2076 regibus
1251 2014 1316 2055 exe

146 2098 336 2164 auctoritate
368 2096 530 2162 Romana:
567 2119 641 2163 raro
679 2098 778 2162 armis
814 2098 950 2181 nostris,
987 2099 1116 2183 saepius
1153 2098 1289 2182 pecunia

146 2206 310 2288 iuuantur,
333 2226 392 2268 nec
416 2205 522 2268 minus
546 2205 665 2269 ualent.

233 2312 283 2376 43.
317 2310 417 2375 Retro
437 2310 605 2396 Marsigni,
629 2311 743 2396 Cotini,
768 2311 833 2396 Osi,
856 2311 937 2376 Buri
955 2316 1048 2397 terga
1067 2311 1289 2377 Marcomano-

148 2441 216 2482 rum
239 2418 488 2503 Quadorumque
518 2418 658 2483 cludunt.
705 2419 861 2504 equibus
885 2418 1042 2503 Marsigni
1067 2423 1100 2483 et
1122 2418 1202 2483 Buri
1225 2441 1290 2483 ser·

146 2547 238 2591 mone
263 2525 414 2609 cultuque
439 2524 558 2591 Suebos
584 2526 735 2590 referunt.
781 2523 912 2590 Cotinos
936 2524 1073 2608 Gallica,
1102 2524 1184 2590 Osos
1207 2525 1291 2590 Pan·

143 2633 259 2698 noniea
282 2632 395 2718 lingua
419 2633 567 2717 coarguit
589 2655 654 2697 non
677 2654 747 2696 esse
772 2631 964 2716 Germanos,
994 2635 1027 2696 et
1055 2631 1139 2716 quod
1167 2633 1317 2698 tributae

144 2738 324 2822 patiuntur:
358 2742 484 2822 partem
516 2738 712 2803 tributorum
745 2736 926 2823 Sarmatae,
959 2744 1085 2822 partem
1118 2738 1222 2815 Quadi
1254 2744 1291 2804 ut

145 2843 336 2930 alienigenis
359 2845 540 2928 imponunt.
586 2842 709 2928 Cotini,
737 2865 800 2927 quo
824 2844 929 2927 magis
953 2843 1084 2927 pudeat,
1115 2848 1147 2907 et
1170 2844 1289 2910 ferrum

214 3057 260 3110 41.
300 3064 322 3111 1.
346 3073 493 3112 saeuorum
517 3061 574 3126 Iao
618 3055 766 3110 uerborum
786 3050 969 3125 muscarel
1008 3054 1107 3109 b'bora
1132 3061 1191 3124 spr.
1224 3058 1233 3126 Η
1265 3063 1290 3111 2.

143 3128 257 3196 propior
275 3133 354 3199 Effice
399 3127 528 3198 proprior
545 3127 612 3180 11¹1
647 3129 656 3197 Η
692 3133 717 3181 3.
739 3126 889 3180 danuuium
909 3130 957 3178 ΗΔ
1003 3126 1146 3181 danubuir'r
1169 3133 1196 3180 Μ
1242 3128 1288 3183 da-

144 3199 260 3252 nubium
279 3204 314 3254 ta
345 3201 354 3269 Η
387 3205 410 3253 5.
430 3199 500 3254 retie
515 3194 552 3250 Δ”
591 3198 664 3252 recia
682 3202 727 3268 ny
754 3198 763 3267 Η
795 3204 819 3253 9.
838 3197 968 3251 inclitum
985 3202 1010 3250 Η
1046 3197 1167 3252 inditum
1184 3207 1212 3254 Μ
1230 3200 1289 3253 'in-

144 3269 221 3339 clytr'r
240 3288 261 3323 α
280 3272 356 3326 omia.
376 3277 391 3324 fl
423 3271 432 3339 ΙΙ
464 3273 493 3326 et
511 3269 622 3340 notum]
641 3269 740 3338 ignotsr
759 3275 774 3322 s

214 3368 265 3421 42.
303 3374 327 3423 a.
347 3369 540 3423 noricorum
581 3366 718 3421 noeais
760 3364 860 3420 nassa
878 3360 907 3417 u
949 3365 1050 3421 Verisa
1074 3351 1242 3434 Mezzeaoff
1268 3368 1278 3437 q

144 3439 314 3494 marcomani
336 3435 400 3492 ΗΔ”
457 3440 599 3493 marcoma
621 3443 649 3491 Η
702 3435 891 3493 marchombni
916 3442 931 3489 8
962 3438 972 3507 ss
1008 3445 1033 3492 3.
1052 3454 1291 3492 marcomanorum

143 3506 207 3562 nr'
256 3511 440 3583 marcotmorsr
458 3515 485 3563 Κ
530 3507 796 3564 marchomdnorr'rfl
832 3509 842 3578 fl
873 3508 935 3578 ipsa
954 3508 1081 3564 etiamn
1122 3509 1184 3579 ipsa
1202 3508 1292 3565 eciam

144 3586 209 3652 Hya
246 3582 303 3636 etia
321 3582 384 3652 ipsa
402 3586 428 3634 Η
458 3582 467 3651 ΙΙ
499 3587 522 3635 4,
542 3580 602 3634 bois
621 3577 685 3633 HK'
719 3581 827 3650 boy'sy
853 3580 863 3650 t
890 3582 972 3649 parta
989 3585 1051 3634 Hac
1078 3598 1163 3650 parca
1181 3586 1209 3633 Μ
1244 3597 1291 3651 pa·

144 3656 206 3707 rata
224 3649 253 3704 A'
278 3654 288 3722 fl
311 3652 409 3708 naristi
428 3658 466 3706 sor
506 3650 606 3706 narisci
623 3656 651 3703 Μ
681 3653 691 3721 ΙΙ
723 3659 746 3706 5.
768 3650 889 3706 danuuio
904 3655 952 3703 ΗΔ
989 3652 1111 3708 danubio
1130 3670 1167 3722 γα
1193 3653 1203 3721 tt
1230 3669 1292 3722 per-

145 3723 273 3792 agiturt
313 3724 427 3796 pagitur
445 3729 510 3795 H,E
546 3714 632 3810 pgit⁸
647 3727 682 3794 11,
721 3722 874 3792 porrigitur
887 3741 910 3775 u
936 3725 946 3791 ΙΙ
976 3729 1000 3777 6.
1020 3722 1206 3778 Marcomanis
1220 3728 1293 3777 EMc

145 3795 355 3850 areomanisa
400 3794 646 3850 Marchomanisfl
682 3795 692 3863 ΙΙ
729 3792 1031 3848 7.mar0bodui1fflo
1080 3793 1291 3848 maroboduia

144 3866 350 3920 maroboditani
368 3872 384 3919 Β

214 3965 266 4017 43.
306 3970 328 4022 1.
348 3965 433 4019 Retro
452 3964 610 4034 Ey.Retro
630 3981 651 4016 α
683 3965 692 4033 Η
725 3960 818 4017 Cotini
838 3946 1007 4029 Mdtlcaboff
1040 3961 1130 4030 gotini
1144 3966 1209 4016 Ηθα
1243 3979 1291 4032 go-

144 4034 215 4089 thim
234 4041 262 4088 Μ
292 4036 302 4104 ss
335 4037 388 4091 osi:
409 4035 472 4089 buri
490 4042 514 4090 Η
555 4035 604 4090 osi.
623 4035 686 4089 buri
705 4029 733 4086 A'
788 4031 828 4088 osi
846 4031 909 4087 buri
928 4039 977 4104 Spe
1001 4031 1154 4103 'osiburiy
1205 4032 1292 4087 siburi

144 4111 232 4160 naar.-
263 4108 273 4176 fl
304 4124 545 4162 marcomanorum
565 4102 656 4159 ΗΜ
704 4102 972 4160 marchombnorufl
1012 4104 1022 4173 ΙΙ
1062 4111 1086 4159 2.
1107 4105 1292 4174 quadorumq,

145 4195 186 4246 γα
223 4181 297 4239 retro
316 4183 351 4248 H,
390 4180 465 4232 omis.
485 4183 520 4247 Ε,
553 4179 563 4247 lt
595 4178 711 4231 cludunt
728 4182 753 4230 Η
790 4176 924 4231 claudunt
941 4194 983 4246 γα
1015 4177 1024 4246 fl
1056 4185 1080 4229 3.
1101 4175 1232 4243 cultuque
1252 4180 1291 4228 sor

148 4274 224 4328 cultu
242 4279 295 4327 mr
326 4276 336 4344 ss
367 4291 465 4328 sueuos
484 4275 560 4328 codd.
592 4276 602 4344 ΙΙ
634 4274 746 4329 Cotinos
768 4259 939 4341 Mdlleaboff
970 4273 1081 4344 gotinus
1100 4266 1181 4323 ΗΒΚ
1231 4274 1291 4344 got·

148 4344 257 4401 tinoss
294 4345 443 4400 actinosa
474 4347 484 4414 ΙΙ
516 4351 540 4399 6.
560 4347 644 4400 cotirn'
659 4351 687 4399 Η
722 4345 814 4415 gotini
831 4350 897 4400 Eser
