2940 4904
600 266 814 330 ..10-

138 449 222 514 ager.
259 449 319 492 nec
340 427 424 493 enim
444 449 516 492 cum
536 426 686 490 ubertate
709 429 742 490 et
764 426 976 510 amplitudine
1001 426 1061 490 soli
1083 427 1195 492 labore
1210 449 1283 492 con-

135 535 286 618 tendunt,
314 537 351 598 ut
377 535 525 618 pomaria
548 538 720 599 conserant
744 537 776 597 et
799 536 894 617 prete
918 537 1068 617 separent
1090 539 1148 598 aut
1170 534 1284 600 hortos

137 643 257 728 rigent:
290 642 360 707 sola
392 644 499 704 terrae
534 661 626 725 seges
659 641 845 724 imperatur.
886 641 970 705 unde
1004 662 1122 705 annum
1157 663 1310 724 quoques

136 738 244 832 ipsum
258 769 324 814 non
341 748 374 813 in
392 747 528 812 totidem
544 747 694 832 digerunt
717 747 853 830 species:
876 747 980 811 hiems
1004 751 1037 810 et
1052 769 1109 811 uer
1131 751 1163 811 et
1178 752 1284 811 aestas

138 855 336 920 intellectum
366 875 403 919 ac
433 854 594 918 uocabula
616 853 750 937 habent,
779 853 925 917 autumni
948 853 1080 937 perinde
1104 875 1223 920 nomen
1248 876 1285 918 ac

136 962 223 1027 hona
245 962 448 1048 ignorantur.

224 1070 278 1133 27.
309 1066 472 1132 Funerum
485 1068 576 1132 nulla
590 1066 739 1132 ambitio:
763 1067 795 1132 id
814 1067 918 1132 solum
938 1067 1143 1152 obseruatur‚
1161 1070 1199 1132 ut
1218 1090 1284 1133 cor-

136 1197 217 1258 pora
242 1175 403 1238 clarorum
426 1174 569 1240 uirorum
593 1174 689 1239 certis
719 1174 816 1258 lignis
840 1177 1031 1239 crementur.
1069 1178 1189 1239 struem
1213 1177 1285 1260 rogi

138 1301 198 1344 nec
220 1280 367 1344 uestibus
389 1301 449 1345 nec
478 1280 629 1345 odoribus
654 1281 832 1345 cumulant:
863 1303 920 1345 sua
944 1281 1057 1363 cuique
1081 1303 1185 1365 arma,
1208 1304 1285 1366 quo-

139 1386 275 1451 rundam
302 1387 370 1473 igni
404 1390 437 1452 et
464 1409 564 1472 equus
592 1387 739 1452 edicitur.
782 1387 986 1470 sepulchrum
1015 1409 1146 1471 caespes
1175 1389 1313 1474 erigit:a

138 1497 419 1558 monumentorum
434 1495 569 1559 erduum
590 1497 622 1558 et
645 1515 817 1577 operosum
841 1493 999 1558 honorem
1021 1497 1059 1559 ut
1082 1516 1215 1579 grauem
1234 1495 1285 1559 do-

60 1626 63 1635 *
137 1600 236 1665 funct
213 1605 255 1665 hs
286 1603 512 1685 aspernantur.
557 1601 701 1665 lamenta
729 1621 765 1663 ac
794 1600 1020 1664 lacrimast
975 1601 1020 1665 cit
1021 1623 1053 1682 o,
1081 1600 1225 1666 dolorem
1253 1607 1286 1666 et

137 1708 304 1772 tristitiam
332 1708 423 1772 tarde
452 1711 586 1830 ponunt
630 1707 760 1773 feminis
788 1708 899 1791 lugere
922 1707 1039 1772 honest
1025 1711 1095 1772 tum
1120 1709 1181 1787 est,
1206 1709 1285 1773 uiris

139 1814 1313 1879 meminisses
1388 1826 1394 1847 ⁸

228 1919 353 1988 Haec
344 1942 377 1985 1n
405 1942 572 1987 commune
603 1921 640 1986 de
670 1923 814 2017 omnium
838 1920 1074 1986 Germanorum
1101 1922 1225 2007 origine
1249 1945 1286 1987 ac

138 2027 282 2094 moribus
306 2029 503 2113 accepimus3
526 2049 612 2093 nunc
631 2028 831 2114 singularum
852 2028 997 2112 gentium
1017 2028 1167 2093 institute
1190 2030 1287 2093 ritus·

139 2155 213 2218 que,
236 2138 394 2220 quatenus
414 2135 580 2218 differant,
604 2156 685 2220 quae
704 2135 852 2200 nationes
873 2156 890 2198 e
910 2133 1084 2198 Germania
1108 2135 1142 2199 in
1161 2134 1286 2200 Gallias

137 2241 436 2326 commigrauerint,
459 2241 636 2324 expediam.
1301 2267 1326 2306 m

228 2348 279 2413 28.
315 2346 499 2414 Validiores
523 2348 602 2414 olim
625 2346 793 2413 Gallorum
813 2370 863 2412 res
887 2347 986 2412 fuisse
1006 2370 1150 2416 summus
1175 2351 1284 2414 aucto·

138 2476 209 2518 rum
233 2454 325 2519 diuus
348 2454 450 2519 Iulius
473 2455 586 2539 tradit,
615 2476 716 2540 eoque
744 2454 896 2519 credibile
920 2457 970 2518 est
994 2455 1092 2519 etiam
1115 2453 1225 2520 Gallos
1249 2456 1284 2520 in

138 2559 342 2627 Germaniam
355 2565 594 2648 transgressos:
618 2563 810 2648 quantulum
825 2563 911 2626 enim
927 2561 1032 2626 amnis
1048 2561 1200 2626 obstabat
1219 2585 1282 2646 quo

137 2669 257 2752 minus,
285 2672 322 2732 ut
344 2689 488 2753 quaeque
512 2688 592 2753 gens
616 2669 795 2752 eualuerat,
822 2673 994 2752 occuparet
1020 2672 1313 2754 permutaretquea

139 2772 230 2837 sedes
253 2773 453 2857 promiscuas
477 2773 582 2838 adhuc
604 2777 637 2838 et
658 2775 749 2839 nulla
771 2796 946 2861 regnorum
966 2775 1114 2858 potentia
1138 2775 1283 2842 diuisas?

225 2877 346 2981 Igitur⁸
357 2879 443 2943 inter
465 2876 664 2964 Hercyniam
692 2881 809 2946 siluam
832 2880 1042 2965 Rhenumque
1070 2884 1103 2946 et
1129 2881 1281 2947 Moenum

138 3006 249 3050 amnes
264 2984 421 3070 Heluetii,
444 2986 600 3052 ulteriora
619 2985 707 3073 Boii,
732 2987 857 3052 Gallica
878 2991 1014 3072 utreque
1034 3008 1128 3073 gens,
1150 2991 1282 3054 tenuere

139 3094 247 3155 manet
279 3090 382 3156 adhuc
410 3091 582 3159 Boihaemi
607 3116 727 3160 nomen
759 3095 932 3180 signatque
964 3095 1027 3160 loci
1055 3098 1199 3161 ueterem
1221 3119 1313 3161 mee

139 3197 275 3261 moriam
304 3199 451 3282 quamuis
480 3201 615 3266 mutatis
644 3202 831 3272 cultoribus.
870 3202 925 3266 sed
950 3204 1058 3267 utrum
1082 3201 1230 3268 Arauisci
1253 3205 1287 3268 in

138 3303 340 3370 Pannoniam
356 3304 481 3391 aBois,
503 3305 817 3373 Germanorumt
761 3329 802 3372 na
803 3309 906 3392 tione,
926 3331 968 3373 an
988 3308 1044 3374 Osi
1064 3310 1104 3373 eb
1120 3310 1286 3374 Arauiscis

206 3451 234 3553 6
198 3450 352 3554 ..labore
376 3495 457 3553 Μ’
497 3500 625 3556 laborare
648 3506 761 3557 naar
794 3502 803 3570 ll
836 3507 859 3556 7.
888 3503 1019 3571 separent
1041 3505 1118 3572 Epa
1158 3507 1287 3572 saperent

137 3564 204 3640 nA
245 3572 340 3625 secent
362 3574 448 3628 Huar.
481 3572 491 3640 ll
522 3575 554 3626 ut
576 3575 644 3641 Hya
681 3576 730 3627 aut
748 3572 908 3657 Nipperdey
941 3573 949 3644 ll
981 3579 1006 3627 9.
1025 3573 1153 3627 hiemsfl
1189 3576 1285 3643 hyems

136 3609 191 3693 8A'
226 3642 345 3724 hyemps
359 3647 386 3695 n
412 3643 423 3713 ΙΙ
452 3648 493 3696 11.
509 3647 573 3711 post
590 3644 784 3713 ignorantur'
772 3661 803 3697 aa
817 3639 846 3695 A'
877 3650 970 3699 secant
971 3661 1005 3699 ar
1024 3645 1124 3713 capitis
1142 3650 1181 3700 25
1199 3647 1285 3701 acrba

136 3711 296 3766 Liberti—
316 3715 512 3782 argumentum
531 3715 601 3768 sunt

207 3783 255 3835 8⁷.
296 3788 322 3838 4.
352 3784 530 3853 sepulchrum
552 3788 616 3856 Hya
661 3786 789 3857 sepulcri
811 3781 840 3838 A'
879 3787 889 3854 ΙΙ
926 3793 949 3841 7.
974 3786 1028 3856 est]
1055 3788 1129 3841 omis.
1153 3791 1179 3839 Η
1214 3787 1224 3855 ss
1260 3793 1284 3842 8.

135 3888 246 3942 LIBER
265 3908 328 3942 scns
342 3893 407 3958 post
424 3889 582 3946 meminisse
602 3898 628 3964 8

207 3960 492 4016 testaceorum
515 3966 557 4015 ns
605 3966 733 4019 autorum
757 3969 803 4017 Ma
848 3963 930 4017 autor
955 3968 1046 4034 8.aar.
1070 3959 1100 4014 A
1134 3965 1143 4033 ΙΙ
1176 3970 1200 4020 6
1224 3965 1285 4019 her·

137 4029 255 4098 cynica
291 4028 453 4114 hercynium
472 4037 499 4085 n
544 4032 670 4102 hircyniu
687 4030 717 4086 A'
761 4032 915 4089 hircimss
946 4035 955 4103 ll
987 4039 1012 4088 8
1030 4033 1166 4109 boiihemi
1184 4051 1285 4089 nomen

136 4104 162 4153 Η
197 4100 322 4155 bohiemi
343 4118 425 4157 nome
450 4109 465 4156 8
505 4103 619 4159 bohemi
642 4122 724 4160 nome
748 4106 839 4161 adhuc
864 4105 921 4173 boy‘
944 4103 1074 4159 heimone
1097 4110 1124 4158 n
1161 4105 1285 4159 boihemi

136 4166 295 4226 nomenA''
333 4172 503 4244 Boyemione
522 4179 607 4230 Acar
651 4176 830 4248 bohvemis²
870 4174 984 4230 bohemi
1008 4192 1109 4230 nomen
1128 4180 1239 4243 Hmarp.
1276 4175 1285 4247 ll

136 4243 287 4313 signatque
305 4247 376 4299 Into
412 4245 580 4315 significatqy
596 4251 635 4300 sA
645 4248 671 4330 ΙΙ
699 4253 722 4302 9.
743 4216 861 4303 erauisci
875 4251 950 4300 nna
987 4246 1137 4301 aranisci8
1168 4245 1178 4313 ΙΙ
1206 4251 1247 4301 10.
1268 4263 1285 4301 a

135 4315 269 4369 boismr
304 4314 415 4370 aboiis
440 4322 478 4370 8c
510 4318 520 4386 ΙΙ
551 4333 587 4371 an
611 4317 809 4400 osi118uar
829 4336 850 4372 a
887 4318 967 4373 onesi
984 4323 1012 4371 n
1047 4334 1084 4370 an
1107 4316 1155 4371 boi
1173 4320 1283 4388 Hmarp.

136 4402 172 4440 an
191 4385 282 4455 boy8
314 4387 324 4456 ll
355 4384 488 4447 mauiscis
507 4391 582 4440 ΗΠα
619 4358 787 4444 araniiciss

1041 4473 1079 4527 (ᾖ
